2174 3523
569 174 664 243 42

575 333 1045 420 designarunt,
1154 335 1550 399 ducetenis
1593 338 2081 426 quinquagenis

575 426 776 489 leucis
814 423 1035 489 versus
1073 427 1399 491 Occasum
1452 430 1531 491 ab
1585 431 1799 494 Sancti
1854 432 2076 495 Salua-

575 520 730 582 toris
769 519 1041 582 statione
1078 520 1318 585 diffitae.
1423 523 1525 585 Ex
1552 522 1863 586 Ieutomo
1888 547 2077 603 arce,

574 635 773 698 quarn
832 610 1095 700 egregie
1146 615 1519 693 munitam,
1575 618 1636 678 &
1690 617 2078 704 praefidiario

575 705 791 768 milite
828 705 1213 769 instruetam
1270 708 1438 770 inibi
1495 712 1728 772 o&auo
1782 710 1861 772 ab
1915 708 2077 774 hinc

572 821 746 860 anno
785 797 1031 862 habent
1052 852 1068 877 ,
1100 802 1455 886 quotannis
1478 802 1766 865 aestiuam
1797 804 2074 890 nauiga-

571 891 824 954 tionem
865 891 1216 956 instituunt
1252 895 1331 956 ad
1369 895 1861 959 Peuco'i'tiarum
1901 895 2075 959 insu-

575 984 786 1048 larum
826 986 1093 1049 cetarias
1121 1039 1137 1064 ,
1169 986 1449 1074 piscariae
1485 1011 1758 1051 annonae
1787 990 1854 1051 in
1892 988 2075 1052 futu-

575 1101 714 1140 ram
787 1077 1087 1142 hiemem
1160 1082 1639 1169 comparandae.
1761 1080 1860 1145 Eo
1921 1078 2075 1145 cum

576 1169 1058 1236 deueherentur
1094 1171 1288 1236 huius
1323 1175 1477 1236 anni
1513 1175 1723 1238 aestate
1748 1227 1763 1250 ,
1819 1175 2075 1238 incide-

574 1281 726 1328 runt
792 1265 859 1327 in
929 1290 1029 1330 eas
1097 1267 1236 1329 caeli
1305 1267 1659 1354 caligineS,
1729 1291 1870 1355 quae
1921 1266 2080 1331 huic

573 1359 741 1420 mari
797 1359 1173 1422 denfiffimae
1232 1360 1439 1423 solent
1499 1384 1612 1448 per
1668 1385 1774 1424 eos
1829 1360 2078 1424 menses

572 1450 886 1514 incubare
908 1504 924 1529 ,
965 1454 1030 1515 in
1061 1453 1298 1540 quibus
1323 1453 1483 1516 dum
1509 1456 1745 1517 incerti
1770 1455 2074 1518 locorum

573 1545 815 1606 diutius
850 1543 1096 1608 haerent
1120 1598 1136 1623 ,
1173 1545 1628 1632 frequentibus
1658 1570 1765 1610 eos
1801 1547 2072 1611 trahen-

572 1638 744 1700 tibus
778 1639 1081 1702 aestuariis
1105 1692 1120 1716 ‚
1158 1640 1504 1726 paullatim
1545 1640 1768 1702 nostru
1797 1642 1863 1703 in
1892 1641 2074 1704 littus

574 1732 771 1794 delati
826 1731 1010 1810 sunt,
1080 1730 1256 1795 haud
1318 1733 1551 1820 procul
1607 1750 1805 1821 portu
1859 1734 2075 1797 Sancti

572 1824 942 1888 SaluatoriS.
1077 1826 1242 1888 Inde
1312 1826 1754 1889 Barbarorum
1814 1827 2073 1915 impru-

572 1918 793 1980 dentia
860 1917 1186 2006 lapsorum
1257 1919 1510 1982 indicio
1538 1972 1555 1997 ‚
1626 1921 1738 2006 qui
1798 1943 1904 1983 eos
1954 1943 2074 2008 pro

570 2009 898 2074 foederatis
967 2012 1176 2075 Gallis
1240 2011 1574 2075 sumerent
1608 2065 1625 2090 ,
1697 2014 2071 2076 didicerunt

573 2105 904 2166 Gallicam
944 2128 1182 2168 nauem
1223 2106 1290 2168 in
1327 2106 1640 2193 proximo
1695 2122 1890 2194 portu
1928 2129 2072 2168 ver-

568 2196 686 2259 sari
703 2213 941 2308 ,atque
964 2198 1150 2260 illam
1176 2199 1450 2286 quidem
1476 2222 1690 2286 neque
1713 2200 2033 2286 grandem
2054 2250 2071 2276 ,

567 2314 783 2394 neque
841 2314 875 2353 a
942 2292 1301 2355 numerofis
1369 2291 1693 2378 epibatiS,
1763 2307 1922 2379 neq3
1994 2292 2074 2354 ab

568 2384 756 2447 aeneis
794 2385 1140 2448 tormentis
1198 2382 1408 2448 valide
1462 2345 1869 2449 instruifitam.
1973 2386 2073 2447 Eo

567 2478 812 2539 nuncio
838 2475 1009 2540 nihil
1034 2474 1469 2566 opportunius
1493 2478 1794 2541 accidere
1817 2493 2076 2566 poterat

568 2568 953 2633 hominibus
1035 2571 1389 2634 seminudis
1417 2623 1433 2648 ‚
1519 2575 1582 2635 &
1667 2572 2074 2634 cibariorum

565 2663 754 2749 copia
791 2662 1161 2742 exhaustis,
1215 2688 1378 2751 quos
1414 2682 1642 2752 praeter
1699 2662 1872 2727 hanc
1925 2664 2073 2726 ino-

1847 2779 2027 2844 p1am
2059 2807 2077 2834 ‚
