2174 3523
1498 242 1589 309 4¹

105 398 415 462 abductos
441 401 837 462 arationibus
862 401 938 462 ab
960 399 1238 462 Sauffe‘io
1263 401 1561 462 adhiberi
1586 452 1601 475 ,

105 493 275 577 apud
344 515 545 578 quem
608 493 1035 555 vehementer
1101 492 1426 554 instabant
1451 545 1466 569 ,
1536 510 1601 555 vt

105 585 409 646 omnium
450 607 680 647 manus
728 588 791 648 ὃς
845 585 1050 647 studia
1102 586 1167 646 in
1220 585 1598 647 aedificatio-

103 698 258 738 nem
277 728 292 752 ‚
318 677 534 739 Vtilius
553 678 619 738 in
640 677 967 763 praesentia
986 678 1209 763 vtique
1228 679 1597 761 negotium,

103 785 516 831 conuerteret
546 797 560 845 ;
616 769 719 831 sed
779 769 969 831 surdo
1023 770 1394 832 canebatur.
1497 771 1598 832 Ita

102 861 498 923 variantibus
570 884 920 948 procerum
1004 862 1335 923 sententiis
1402 878 1598 949 atque

100 953 409 1016 institutis
446 1006 461 1030 ‚
546 954 1010 1016 exoriebantur
1094 955 1551 1017 contentiones
1579 1008 1595 1032 ,

98 1045 467 1109 cuiusmodi
503 1046 708 1108 solent
742 1047 914 1107 inter
952 1043 1347 1107 dissentit-:tes
1385 1046 1594 1124 nasci,

100 1139 260 1201 dum
299 1140 478 1225 quod
515 1138 785 1225 quisque
821 1138 1156 1224 optimum
1219 1138 1474 1215 censet,
1527 1141 1594 1202 id

99 1231 381 1293 aliorum
439 1231 719 1293 confiliis
775 1246 970 1316 atque
1025 1231 1254 1317 coeptis
1312 1254 1592 1317 praeuer-

98 1324 371 1386 tendum
411 1339 629 1410 putat:
672 1321 998 1409 fiebatque
1038 1339 1104 1385 vt
1141 1323 1590 1386 altercationi-

97 1416 382 1478 buscdkss
417 1417 495 1477 ab
534 1438 730 1502 opera
787 1416 1010 1478 inanes
1070 1416 1589 1481 traducerentur.

97 1508 323 1575 Quam
359 1509 669 1570 inertiam
696 1559 712 1584 ,
751 1510 814 1571 δε
852 1507 1370 1570 discordantium
1413 1510 1589 1573 iudi-

96 1601 353 1662 ciorum
419 1600 934 1662 obstinationem
960 1653 976 1677 ,
1046 1602 1139 1662 rei
1203 1601 1592 1665 Christianae¹

95 1693 434 1779 cultuique
455 1694 711 1755 Diuino
731 1694 798 1755 in
819 1717 890 1755 ea
914 1717 1025 1755 ora
1044 1692 1228 1756 valde
1247 1693 1553 1757 infestam
1571 1748 1588 1773 ,

96 1785 277 1848 Deus
313 1786 474 1848 visus
511 1785 601 1847 est
635 1786 995 1872 improuiso
1032 1785 1401 1850 infortunio
1446 1789 1587 1851 vol-

91 1877 246 1940 uiffe
282 1879 584 1942 multare.

186 1971 247 2033 A
273 1993 314 2033 N
339 1994 383 2034 G
408 1993 445 2033 L
471 1993 492 2033 1
548 1971 767 2058 paucis
816 1969 1060 2034 abhinc
1120 1973 1302 2035 annis
1362 1974 1588 2060 Virgi-

89 2063 270 2125 niam
296 2080 705 2150 occuparunt
728 2115 743 2140 ,
770 2087 971 2150 quam
999 2065 1278 2127 Ioannes
1304 2066 1586 2129 Vezara-

86 2178 204 2218 nus
241 2155 568 2218 Francisci
608 2156 635 2218 Ι
676 2157 1030 2219 Gallorum
1062 2158 1264 2244 Regis
1289 2158 1584 2246 auspiciis

87 2249 497 2335 exploratam
535 2301 551 2326 ,
652 2249 1186 2336 quingentesimo
1276 2252 1585 2315 vicefimo

85 2342 281 2404 tertio
318 2365 490 2404 anno
524 2341 636 2404 sub
675 2343 810 2404 eius
844 2342 1362 2406 iurisdictionem
1398 2346 1586 2408 rede-

86 2449 288 2520 gerat.
393 2435 643 2498 Eadem
697 2434 828 2522 ipsa
885 2435 974 2497 est
1033 2437 1378 2499 continens
1413 2438 1585 2501 inter

88 2526 429 2589 Floridam
468 2527 878 2615 Nouamque
930 2529 1328 2606 Franciam,
1381 2554 1581 2617 quam

85 2619 413 2682 tricefimo
449 2620 627 2683 sexto
650 2673 666 2698 ‚
703 2620 983 2708 septimo
1008 2673 1023 2698 ,
1062 2625 1125 2686 &
1163 2626 1396 2686 octauo
1433 2647 1581 2710 gra-

86 2712 277 2775 dibus
303 2711 612 2776 substrata
633 2766 650 2791 ,
680 2715 951 2800 Mocosae
979 2716 1302 2779 nomine?
1340 2734 1585 2780 veteres

616 2900 646 2943 F
1289 2809 1584 2896 defigna-
