2174 3523
1476 221 1573 292 43

89 389 322 477 piam,
341 387 525 450 insita
564 387 857 491 rapiendi
909 385 1266 472 cupiditas,
1320 385 1383 446 &
1421 403 1581 468 prae-

90 482 182 544 dae
250 481 515 550 maioris
581 480 809 567 opinio
847 531 863 582 '.
931 500 1125 564 quam
1198 490 1437 562 quanta
1506 495 1586 535 ex

93 574 348 660 direpto
387 572 606 634 nostro
646 573 913 657 nauigio
949 586 1203 657 poterat
1238 568 1427 654 cogi,
1479 564 1585 627 sua

92 667 319 754 sponte
356 665 434 726 ad
470 665 604 726 vim
666 663 1044 739 inferenda,
1102 662 1300 723 etiam
1357 674 1586 722 contra

93 760 188 822 ius
230 757 522 820 naturale
577 780 649 818 ae
710 756 1053 843 gentium,
1114 752 1582 815 accendebant.

94 853 304 914 Arma
341 851 543 936 igitur
581 849 980 935 expediunt,
1020 845 1200 932 paffis
1237 844 1431 919 velie,
1484 843 1587 904 in-

96 943 332 1006 strueta
386 943 563 1019 acie,
622 943 869 1004 diredto
926 939 1111 1001 cursu
1170 938 1237 999 in
1293 935 1587 998 nostrum

97 1053 365 1124 portum
390 1034 816 1097 inuehuntur.
902 1031 1162 1100 Quibus
1187 1028 1591 1115 argumentis

100 1129 418 1192 Barbarus
485 1128 636 1203 ille,
713 1125 895 1187 cuius
978 1118 1273 1185 maxime
1341 1120 1591 1182 indicio

98 1220 428 1284 fueramus
465 1219 750 1307 proditi,
804 1239 958 1279 cum
997 1214 1306 1277 hostilem
1359 1213 1425 1274 in
1480 1234 1593 1273 nos

99 1314 479 1400 Anglorum
565 1311 865 1373 animum
952 1306 1364 1394 collegisset,
1449 1320 1593 1367 tum

97 1407 281 1469 suum
323 1428 613 1467 errorem
653 1402 1037 1489 agnoscere,
1081 1404 1142 1464 ὃς
1168 1398 1398 1487 quod
1383 1421 1450 1459 in
1480 1419 1596 1459 nos

101 1499 503 1584 deliquerat,
535 1496 770 1584 quibus
797 1494 857 1557 se
886 1495 1179 1557 crederet
1206 1490 1595 1579 gratificari,

102 1591 316 1653 multo
342 1589 640 1653 detestari
663 1587 818 1651 fietu
836 1610 1078 1675 ,quem
1105 1585 1335 1649 fletum
1361 1583 1598 1646 deinde

101 1682 328 1746 crebro
364 1682 758 1770 integrauit,
798 1704 949 1743 cum
987 1703 1021 1742 a
1057 1679 1243 1742 nobis
1279 1676 1471 1740 errati
1506 1674 1598 1737 sui

101 1777 362 1838 veniam
400 1791 689 1863 peteret,
729 1777 792 1837 &
821 1771 1176 1836 aBarbariS
1204 1770 1347 1857 ipfis
1382 1791 1596 1857 popu-

104 1869 342 1932 laribus
365 1869 522 1955 ,qui
551 1866 773 1930 nostru
798 1866 1054 1943 casum,
1080 1864 1299 1927 suam
1285 1862 1597 1925 1niuriam

101 1962 550 2048 interpretati,
587 1959 745 2047 saepe
782 1960 879 2022 illi
908 1981 1140 2021 manus
1164 1959 1596 2019 intentarunt.

103 2054 245 2118 Nos
313 2056 560 2116 interea
627 2053 901 2140 ancipiti
968 2051 1284 2139 opinione
1338 2046 1597 2134 suspefi,

101 2148 349 2210 amicos
385 2170 463 2208 an
502 2144 715 2208 hostes
753 2145 1198 2221 censeremUS,
1236 2164 1397 2229 quos
1433 2135 1604 2202 recita

103 2241 169 2302 in
209 2240 422 2302 nostra
456 2238 806 2301 stationem
842 2237 1158 2300 secundus
1216 2250 1444 2298 ventus
1495 2233 1599 2294 in-

103 2332 390 2410 ferebat,
430 2348 744 2395 euentum
784 2331 1023 2417 trepidi
1061 2327 1602 2417 opperiebamur,

103 2449 252 2488 cum
297 2426 538 2512 nauigij
579 2425 979 2512 gubernator
1016 2420 1251 2509 scapha
1279 2422 1496 2483 veetus
1525 2418 1605 2480 ad

105 2519 583 2621 explorandum
654 2517 925 2580 obuiam
994 2512 1339 2603 proceffit‚
1399 2511 1603 2614 longo

104 2628 326 2674 tamen
381 2611 701 2688 circuitu,
757 2633 836 2672 ne
898 2632 1032 2671 non
1094 2605 1251 2670 effet
1310 2603 1606 2691 receptui

106 2705 324 2781 locuS,
366 2702 656 2766 maxime
694 2701 922 2790 quod
908 2725 955 2765 ιε
991 2698 1293 2777 aduerso,
1350 2698 1447 2760 illi
1485 2697 1605 2759 ob-

1382 2790 1609 2853 secun-
