2174 3523
585 163 682 233 14

578 319 925 395 smirnam,
981 320 1044 382 &
1105 317 1394 404 ingentis
1448 318 1657 381 animi
1718 317 2091 397 feminam,

579 413 813 476 acriter
849 410 1172 498 pupugit3
1225 409 1332 472 sed
1369 433 1441 472 ea
1477 434 1605 497 qua
1641 411 1732 474 est
1766 411 2052 475 sollertia
2077 463 2094 489 ,

579 502 931 568 confestim
986 504 1066 565 ad
1120 525 1397 565 manum
1450 501 1682 567 habuit
1720 506 2136 582 rationem„

580 621 706 685 qua
768 619 899 659 non
963 596 1095 658 iam
1158 611 1224 658 vt
1283 599 1571 659 vectores
1631 621 1786 675 nos,
1858 597 1963 661 sed
2030 613 2097 660 vt

579 690 919 779 partiarios
943 742 959 767 ,
990 688 1262 752 exclufis
1292 686 1677 753 inhumanis
1704 691 2051 754 Haereticis
2076 743 2093 768 ,

579 786 646 847 in
711 805 952 846 nauem
1008 783 1373 846 induceret.
1496 784 1828 851 Quattuor
1889 784 2095 871 igitur
2170 786 2174 787 ⁷

582 877 876 940 millium
914 876 1273 940 Librarum
1314 875 1552 965 stipem
1583 877 1663 939 de
1685 877 2099 965 principibus

579 971 730 1033 viris
765 993 839 1033 ac
875 968 1145 1033 feminis
1182 993 1262 1033 ex
1299 970 1474 1034 Aula
1497 1022 1514 1046 ,
1569 970 1791 1057 paucis
1826 970 2055 1034 diebus
2079 1022 2096 1048 ,

581 1079 926 1150 corrogat,
966 1078 1292 1151 quantum
1330 1078 1465 1126 erat
1501 1086 1665 1151 opus
1720 1063 1798 1126 ad
1853 1086 2096 1126 nauem

581 1157 1032 1221 instruendam
1060 1183 1074 1234 ;
1116 1180 1320 1243 eaque
1356 1156 1594 1219 collata
1617 1155 1875 1219 summa
1900 1209 1916 1234 ‚
1945 1156 2098 1219 Cal-

583 1251 881 1314 uinianos
966 1250 1113 1313 illos
1198 1252 1360 1313 duos
1447 1250 1709 1313 nautica
1791 1249 2101 1316 societate

584 1344 849 1421 deiicit,
902 1343 1231 1430 fimulque
1283 1344 1596 1406 idoneam
1634 1341 1875 1406 sortem
1930 1365 2095 1406 con-

584 1437 825 1514 stituit,
864 1437 1033 1500 vnde
1061 1436 1409 1499 Canadicae
1437 1436 1910 1523 negotiationis
1932 1459 2096 1524 prae-

582 1530 738 1595 fecti
821 1546 1209 1618 perpetuam
1288 1531 1640 1616 quotannis
1707 1529 2096 1617 penfionem

585 1624 815 1687 nostrae
901 1622 1202 1686 Miffioni
1285 1623 1668 1711 penderent.
1818 1622 2099 1685 Sublatis

582 1718 843 1805 itaque,
882 1716 1055 1779 illius
1094 1714 1359 1779 feminae
1394 1715 1751 1793 industria,
1790 1739 1932 1820 quae
1983 1738 2101 1778 nos

585 1810 1014 1874 morabantur
1079 1810 1622 1913 impedimentis,
1692 1810 1891 1873 ternis
1967 1806 2100 1872 fere

585 1903 915 1968 menfibus
985 1903 1377 1966 adornandae
1452 1903 1606 1966 naui
1692 1902 2101 1981 consumtis,

586 1996 777 2061 huius
844 1997 1114 2060 tandem
1183 1996 1394 2060 saeculi
1463 2019 1637 2059 anno
1696 1997 2057 2059 vndecimo
2082 2048 2099 2074 ‚

583 2108 734 2155 ante
772 2091 950 2154 diem
1002 2089 1259 2153 sextum
1313 2090 1613 2153 calendas
1667 2089 2097 2167 Februarias,

583 2182 616 2247 ὲ
654 2185 878 2247 littore
906 2183 1299 2271 Dieppenfi,
1334 2183 1483 2245 Deo
1508 2183 1709 2258 duce,
1748 2182 2098 2260 soluimuS,

586 2275 856 2365 totoque
893 2276 1356 2364 quadrimestri
1418 2276 1803 2362 nauigantes
1843 2277 2097 2364 Camp-

584 2371 777 2434 saeum
816 2372 883 2434 in
913 2387 1183 2460 portum
1210 2422 1226 2447 ,
1266 2369 1586 2432 Australis
1614 2369 1854 2432 littoris
1883 2369 2099 2433 Nouae

589 2465 924 2542 Franciae,
983 2464 1229 2552 appulsi
1297 2462 1558 2539 sumus;
1619 2462 1773 2525 inde
1824 2478 2099 2526 centum

589 2559 827 2645 viginti
867 2559 1205 2621 leucarum
1244 2556 1344 2618 vel
1386 2556 1761 2633 maritima,
1813 2556 1913 2618 vel
1967 2573 2098 2619 ter-

588 2651 770 2713 restri
807 2652 907 2713 via
947 2652 1223 2714 Portum
1258 2650 1549 2736 Regium
1581 2649 1868 2712 laetantes
1896 2649 2099 2712 iniui-

1934 2765 2100 2807 mu8.
