2174 3523
556 178 655 248 24

553 334 902 420 consequi,
959 333 1072 395 nifi
1127 357 1206 396 ex
1259 349 1434 396 certa
1487 330 1705 411 fama,
1759 332 2060 421 adeoque

553 430 752 491 etiam
792 427 1029 489 notitia
1059 426 1317 488 eximiae
1345 426 1412 487 in
1445 448 1521 488 eo
1550 426 1829 512 vigentis
1856 429 2060 516 aequi-

555 522 736 597 tatiS‚
799 535 994 606 atque
1055 519 1526 606 temperantiae.
1633 520 1737 582 De
1798 537 2058 609 tempe-

552 613 760 676 rantia
821 612 1093 699 quidem
1156 613 1290 674 eius
1317 664 1334 689 ,
1394 626 1460 674 vt
1522 611 1827 698 praeterea
1890 613 2059 678 nihil

551 705 767 769 afferri
803 704 1032 794 poffit,
1087 704 1503 768 luculentum
1542 702 1686 767 sane
1723 705 1887 784 fuit,
1944 707 2059 770 fibi

552 797 954 887 magnopere
1008 798 1412 861 moderantis
1465 796 1796 876 hominis),
1852 801 2059 863 docu-

551 908 857 955 mentum
895 945 911 970 ,
998 909 1314 980 perpetua
1399 892 1466 953 in
1553 891 2061 956 Membertouio

551 986 1023 1073 monogamia,
1086 1008 1216 1072 quo
1272 986 1337 1047 in
1401 1007 1644 1071 genere
1698 983 2058 1049 solitarium

550 1077 698 1142 vere
733 1078 1115 1168 phoenicem
1156 1078 1690 1149 Nouo-Francia
1745 1102 1896 1141 eum
1943 1080 2057 1142 ad-

554 1171 686 1236 huc
715 1173 1011 1260 agnouit.
1115 1171 1319 1240 Quod
1350 1171 1530 1233 enim
1563 1171 1803 1257 reliqui
1832 1195 2063 1236 omnes

550 1267 879 1354 indigenae
908 1319 924 1343 ,
992 1265 1099 1329 sed
1167 1265 1429 1352 Sagami
1496 1264 1848 1352 praesertim
1887 1318 1903 1343 ,
1981 1289 2063 1329 ex

550 1383 834 1423 vxorum
891 1359 1324 1422 multitudine
1379 1357 1587 1445 stirpis
1644 1358 2063 1421 numerosam

551 1454 783 1517 seriem
824 1468 1142 1541 expetunt
1177 1448 1597 1538 summopere
1621 1504 1638 1528 ‚
1688 1467 1883 1537 atque
1918 1450 2060 1540 spe-

554 1562 697 1610 rant
733 1599 749 1624 ,
833 1546 952 1608 suae
1033 1546 1256 1631 vtique
1338 1545 1648 1631 potentiae
1739 1545 2063 1631 singulare

553 1641 864 1704 columen
904 1663 977 1702 ac
1030 1639 1574 1714 firmamentum3
1630 1638 1697 1701 id
1747 1638 1837 1701 vti
1875 1660 2063 1700 more

551 1733 764 1820 gentis
801 1732 1170 1821 vsurparet‚
1225 1731 1463 1794 adduci
1514 1753 1883 1818 numquam
1936 1753 2060 1818 po-

553 1829 679 1891 tuit
707 1825 1268 1901 MembertouiuS,
1289 1821 1467 1911 quod
1492 1824 1725 1886 altiore
1748 1824 2060 1911 quadarn,

551 1922 738 2009 supra
774 1920 1005 2007 vulgus
1042 1921 1479 2005 Sagamorum
1506 1969 1522 1994 ,
1559 1916 1869 2004 sapientia
1905 1940 2059 2003 per-

552 2015 827 2102 spiceret
852 2066 868 2091 ‚
906 2014 1212 2100 grauiora
1241 2011 1412 2074 inter
1438 2009 1761 2073 discordes
1788 2033 2020 2073 vxores
2043 2062 2059 2087 ,

555 2112 617 2172 δε
655 2130 879 2170 earum
921 2106 1157 2169 liberos
1193 2104 1601 2167 fimultatum
1628 2155 1644 2180 ,
1682 2103 1793 2166 sub
1824 2103 2062 2166 eodem

553 2205 725 2264 tecto
750 2253 765 2277 ‚
805 2201 1205 2263 detrimenta
1245 2196 1556 2273 existere,
1595 2194 1790 2283 quam
1846 2196 2061 2259 emol-

555 2310 827 2358 umenta
884 2316 1131 2381 opum,
1195 2294 1258 2356 &
1315 2290 1699 2376 neutiquam
1757 2288 2060 2353 consent-

552 2388 743 2451 ientis
778 2387 1108 2474 potentiae.
1211 2384 1548 2448 Sollemne
1586 2383 1675 2446 est
1702 2384 1802 2447 illi
1838 2382 2062 2470 genti,

555 2505 633 2544 ex
671 2479 1107 2568 superstitioso
1145 2480 1271 2542 ritu
1297 2531 1312 2555 ‚
1352 2477 1529 2564 quod
1590 2500 1794 2564 genus
1831 2497 2062 2538 omnes

555 2574 801 2636 habent
839 2573 1244 2660 praecipuum
1271 2623 1286 2648 ,
1326 2572 1835 2633 demortuorum
1866 2591 2058 2631 nem-

554 2669 735 2730 inem
773 2666 883 2729 suo
922 2689 1208 2753 vnquam
1244 2664 1519 2728 nomine
1555 2663 1885 2752 appellare
1910 2714 1927 2739 ,
1955 2660 2062 2724 sed

1759 2754 2062 2819 aduenti-
