<?xml version="1.0" encoding="UTF-8"?>
<!DOCTYPE html PUBLIC "-//W3C//DTD XHTML 1.0 Transitional//EN"
    "http://www.w3.org/TR/xhtml1/DTD/xhtml1-transitional.dtd">
<html xmlns="http://www.w3.org/1999/xhtml" xml:lang="en" lang="en">
 <head>
  <title>
</title>
<meta http-equiv="Content-Type" content="text/html;charset=utf-8" />
  <meta name='ocr-system' content='tesseract 3.04.00' />
  <meta name='ocr-capabilities' content='ocr_page ocr_carea ocr_par ocr_line ocrx_word'/>
</head>
<body>
  <div class='ocr_page' id='page_1' title='image "./relatiorerumgest00jesu_0072.png"; bbox 0 0 2174 3523; ppageno 0'>
   <div class='ocr_carea' id='block_1_1' title="bbox 517 141 611 212">
    <p class='ocr_par' dir='ltr' id='par_1_1' title="bbox 517 141 611 212">
     <span class='ocr_line' id='line_1_1' title="bbox 517 141 611 212; baseline -0.011 0"><span class='ocrx_word' id='word_1_1' title='bbox 517 141 611 212; x_wconf 74' lang='lat'><strong>62</strong></span> 
     </span>
    </p>
   </div>
   <div class='ocr_carea' id='block_1_2' title="bbox 517 313 2067 2800">
    <p class='ocr_par' dir='ltr' id='par_1_2' title="bbox 517 313 2064 2717">
     <span class='ocr_line' id='line_1_2' title="bbox 517 313 2042 386; baseline -0.005 -1"><span class='ocrx_word' id='word_1_2' title='bbox 517 323 706 386; x_wconf 91' lang='lat' dir='ltr'><strong>detur</strong></span> <span class='ocrx_word' id='word_1_3' title='bbox 790 318 957 380; x_wconf 90' lang='lat' dir='ltr'><strong>olim</strong></span> <span class='ocrx_word' id='word_1_4' title='bbox 1040 314 1281 380; x_wconf 88' lang='lat' dir='ltr'><strong>futura.</strong></span> <span class='ocrx_word' id='word_1_5' title='bbox 1405 313 1583 378; x_wconf 91' lang='lat' dir='ltr'><strong>Patri</strong></span> <span class='ocrx_word' id='word_1_6' title='bbox 1651 315 1893 380; x_wconf 91' lang='lat' dir='ltr'><strong>Biardo</strong></span> <span class='ocrx_word' id='word_1_7' title='bbox 1961 314 2042 379; x_wconf 90' lang='lat' dir='ltr'><strong>ad</strong></span> 
     </span>
     <span class='ocr_line' id='line_1_3' title="bbox 519 407 2043 501; baseline -0.003 -24"><span class='ocrx_word' id='word_1_8' title='bbox 519 412 759 501; x_wconf 88' lang='lat' dir='ltr'><strong>Eplani</strong></span> <span class='ocrx_word' id='word_1_9' title='bbox 797 409 984 498; x_wconf 90' lang='lat' dir='ltr'><strong>piscis</strong></span> <span class='ocrx_word' id='word_1_10' title='bbox 1020 430 1293 472; x_wconf 91' lang='lat' dir='ltr'><strong>amnem</strong></span> <span class='ocrx_word' id='word_1_11' title='bbox 1332 407 1437 470; x_wconf 94' lang='lat' dir='ltr'><strong>die</strong></span> <span class='ocrx_word' id='word_1_12' title='bbox 1473 407 1766 494; x_wconf 89' lang='lat' dir='ltr'><strong>quodam</strong></span> <span class='ocrx_word' id='word_1_13' title='bbox 1818 407 2043 497; x_wconf 88' lang='lat' dir='ltr'><strong>agenti</strong></span> 
     </span>
     <span class='ocr_line' id='line_1_4' title="bbox 517 501 2041 588; baseline -0.003 -19"><span class='ocrx_word' id='word_1_14' title='bbox 517 504 784 569; x_wconf 85' lang='lat' dir='ltr'><strong>affertur</strong></span> <span class='ocrx_word' id='word_1_15' title='bbox 821 502 1100 567; x_wconf 91' lang='lat' dir='ltr'><strong>nuncius</strong></span> <span class='ocrx_word' id='word_1_16' title='bbox 1149 501 1228 564; x_wconf 92' lang='lat' dir='ltr'><strong>ab</strong></span> <span class='ocrx_word' id='word_1_17' title='bbox 1283 517 1566 588; x_wconf 86' lang='lat' dir='ltr'><strong>aegrota,</strong></span> <span class='ocrx_word' id='word_1_18' title='bbox 1623 503 1686 565; x_wconf 84' lang='lat'>&amp;</span> <span class='ocrx_word' id='word_1_19' title='bbox 1747 502 2041 566; x_wconf 89' lang='lat' dir='ltr'><strong>animam</strong></span> 
     </span>
     <span class='ocr_line' id='line_1_5' title="bbox 517 593 2041 686; baseline -0.003 -24"><span class='ocrx_word' id='word_1_20' title='bbox 517 614 754 686; x_wconf 84' lang='lat' dir='ltr'>agente</span> <span class='ocrx_word' id='word_1_21' title='bbox 793 596 1113 672; x_wconf 92' lang='lat' dir='ltr'><strong>muliere,</strong></span> <span class='ocrx_word' id='word_1_22' title='bbox 1153 617 1295 681; x_wconf 88' lang='lat' dir='ltr'><strong>quae</strong></span> <span class='ocrx_word' id='word_1_23' title='bbox 1332 593 1547 682; x_wconf 90' lang='lat' dir='ltr'><strong>ipsum</strong></span> <span class='ocrx_word' id='word_1_24' title='bbox 1583 594 1806 658; x_wconf 92' lang='lat' dir='ltr'><strong>videre</strong></span> <span class='ocrx_word' id='word_1_25' title='bbox 1841 611 2041 683; x_wconf 90' lang='lat' dir='ltr'><strong>atque</strong></span> 
     </span>
     <span class='ocr_line' id='line_1_6' title="bbox 518 686 2042 778; baseline -0.003 -23"><span class='ocrx_word' id='word_1_26' title='bbox 518 692 767 778; x_wconf 86' lang='lat' dir='ltr'>alloqui</span> <span class='ocrx_word' id='word_1_27' title='bbox 805 686 991 754; x_wconf 75' lang='lat' dir='ltr'><strong>valde</strong></span> <span class='ocrx_word' id='word_1_28' title='bbox 1028 703 1345 776; x_wconf 90' lang='lat' dir='ltr'><strong>cuperet,</strong></span> <span class='ocrx_word' id='word_1_29' title='bbox 1383 687 1464 751; x_wconf 90' lang='lat' dir='ltr'><strong>ad</strong></span> <span class='ocrx_word' id='word_1_30' title='bbox 1525 688 1769 751; x_wconf 59' lang='lat' dir='ltr'><strong>Sandhz</strong></span> <span class='ocrx_word' id='word_1_31' title='bbox 1807 687 2042 751; x_wconf 84' lang='lat' dir='ltr'><strong>Mariae</strong></span> 
     </span>
     <span class='ocr_line' id='line_1_7' title="bbox 518 778 2045 862; baseline -0.003 -14"><span class='ocrx_word' id='word_1_32' title='bbox 518 786 794 862; x_wconf 89' lang='lat' dir='ltr'><strong>Sinum,</strong></span> <span class='ocrx_word' id='word_1_33' title='bbox 848 783 1096 847; x_wconf 91' lang='lat' dir='ltr'><strong>duabus</strong></span> <span class='ocrx_word' id='word_1_34' title='bbox 1152 782 1231 845; x_wconf 93' lang='lat' dir='ltr'><strong>ab</strong></span> <span class='ocrx_word' id='word_1_35' title='bbox 1269 804 1346 845; x_wconf 96' lang='lat' dir='ltr'><strong>eo</strong></span> <span class='ocrx_word' id='word_1_36' title='bbox 1385 804 1584 844; x_wconf 89' lang='lat' dir='ltr'><strong>amne</strong></span> <span class='ocrx_word' id='word_1_37' title='bbox 1619 781 1844 846; x_wconf 81' lang='lat' dir='ltr'><strong>leucis,</strong></span> <span class='ocrx_word' id='word_1_38' title='bbox 1948 778 2045 845; x_wconf 79' lang='lat' dir='ltr'><strong>Eo</strong></span> 
     </span>
     <span class='ocr_line' id='line_1_8' title="bbox 520 874 2042 950; baseline -0.003 -8"><span class='ocrx_word' id='word_1_39' title='bbox 520 879 761 942; x_wconf 91' lang='lat' dir='ltr'><strong>ducem</strong></span> <span class='ocrx_word' id='word_1_40' title='bbox 831 875 1066 941; x_wconf 90' lang='lat' dir='ltr'><strong>habuit</strong></span> <span class='ocrx_word' id='word_1_41' title='bbox 1133 898 1338 939; x_wconf 92' lang='lat' dir='ltr'><strong>vnum</strong></span> <span class='ocrx_word' id='word_1_42' title='bbox 1409 875 1488 938; x_wconf 94' lang='lat' dir='ltr'><strong>de</strong></span> <span class='ocrx_word' id='word_1_43' title='bbox 1557 874 2000 938; x_wconf 91' lang='lat' dir='ltr'><strong>contubernio</strong></span> <span class='ocrx_word' id='word_1_44' title='bbox 2025 926 2042 950; x_wconf 87' lang='lat'><strong><em>‚</em></strong></span> 
     </span>
     <span class='ocr_line' id='line_1_9' title="bbox 520 965 2046 1058; baseline -0.003 -23"><span class='ocrx_word' id='word_1_45' title='bbox 520 970 982 1058; x_wconf 87' lang='lat' dir='ltr'><strong>feminamque</strong></span> <span class='ocrx_word' id='word_1_46' title='bbox 1018 992 1207 1032; x_wconf 93' lang='lat' dir='ltr'><strong>more</strong></span> <span class='ocrx_word' id='word_1_47' title='bbox 1258 967 1472 1055; x_wconf 88' lang='lat' dir='ltr'><strong>gentis</strong></span> <span class='ocrx_word' id='word_1_48' title='bbox 1523 983 1755 1055; x_wconf 85' lang='lat' dir='ltr'><strong>praeter</strong></span> <span class='ocrx_word' id='word_1_49' title='bbox 1815 965 2046 1031; x_wconf 91' lang='lat' dir='ltr'><strong>focum</strong></span> 
     </span>
     <span class='ocr_line' id='line_1_10' title="bbox 526 1058 2048 1152; baseline -0.003 -24"><span class='ocrx_word' id='word_1_50' title='bbox 526 1067 790 1128; x_wconf 82' lang='lat' dir='ltr'><strong>stratam</strong></span> <span class='ocrx_word' id='word_1_51' title='bbox 829 1061 1308 1152; x_wconf 85' lang='lat' dir='ltr'><strong>deprehendit,</strong></span> <span class='ocrx_word' id='word_1_52' title='bbox 1349 1061 1540 1125; x_wconf 92' lang='lat' dir='ltr'><strong>tertia</strong></span> <span class='ocrx_word' id='word_1_53' title='bbox 1596 1061 1731 1124; x_wconf 91' lang='lat' dir='ltr'><strong>iam</strong></span> <span class='ocrx_word' id='word_1_54' title='bbox 1786 1058 2048 1125; x_wconf 92' lang='lat' dir='ltr'><strong>hebdo-</strong></span> 
     </span>
     <span class='ocr_line' id='line_1_11' title="bbox 525 1153 2051 1244; baseline -0.003 -22"><span class='ocrx_word' id='word_1_55' title='bbox 525 1159 717 1222; x_wconf 91' lang='lat' dir='ltr'><strong>mada</strong></span> <span class='ocrx_word' id='word_1_56' title='bbox 741 1154 972 1221; x_wconf 75' lang='lat' dir='ltr'><strong>misere</strong></span> <span class='ocrx_word' id='word_1_57' title='bbox 1001 1157 1434 1244; x_wconf 83' lang='lat' dir='ltr'><strong>languentem</strong></span> <span class='ocrx_word' id='word_1_58' title='bbox 1462 1181 1475 1219; x_wconf 91' lang='lat'>:</span> <span class='ocrx_word' id='word_1_59' title='bbox 1509 1177 1751 1242; x_wconf 86' lang='lat' dir='ltr'><strong>aegram</strong></span> <span class='ocrx_word' id='word_1_60' title='bbox 1777 1207 1794 1232; x_wconf 94' lang='lat'><strong><em>,</em></strong></span> <span class='ocrx_word' id='word_1_61' title='bbox 1833 1153 2051 1242; x_wconf 90' lang='lat' dir='ltr'><strong>quoad</strong></span> 
     </span>
     <span class='ocr_line' id='line_1_12' title="bbox 522 1246 2050 1341; baseline -0.004 -25"><span class='ocrx_word' id='word_1_62' title='bbox 522 1276 638 1341; x_wconf 91' lang='lat' dir='ltr'><strong>per</strong></span> <span class='ocrx_word' id='word_1_63' title='bbox 676 1253 811 1315; x_wconf 91' lang='lat' dir='ltr'><strong>eius</strong></span> <span class='ocrx_word' id='word_1_64' title='bbox 866 1251 1182 1314; x_wconf 89' lang='lat' dir='ltr'><strong>morbum</strong></span> <span class='ocrx_word' id='word_1_65' title='bbox 1243 1249 1472 1326; x_wconf 90' lang='lat' dir='ltr'><strong>licuit,</strong></span> <span class='ocrx_word' id='word_1_66' title='bbox 1534 1246 1877 1311; x_wconf 88' lang='lat' dir='ltr'><strong>Catechefi</strong></span> <span class='ocrx_word' id='word_1_67' title='bbox 1932 1271 2050 1311; x_wconf 92' lang='lat' dir='ltr'><strong>ne-</strong></span> 
     </span>
     <span class='ocr_line' id='line_1_13' title="bbox 525 1339 2051 1429; baseline -0.003 -20"><span class='ocrx_word' id='word_1_68' title='bbox 525 1344 793 1410; x_wconf 85' lang='lat' dir='ltr'><strong>ceffaria</strong></span> <span class='ocrx_word' id='word_1_69' title='bbox 831 1344 1133 1421; x_wconf 88' lang='lat' dir='ltr'><strong>instruit,</strong></span> <span class='ocrx_word' id='word_1_70' title='bbox 1186 1339 1582 1429; x_wconf 90' lang='lat' dir='ltr'><strong>adhibitisq;</strong></span> <span class='ocrx_word' id='word_1_71' title='bbox 1637 1365 1757 1429; x_wconf 90' lang='lat' dir='ltr'><strong>pro</strong></span> <span class='ocrx_word' id='word_1_72' title='bbox 1795 1365 1864 1405; x_wconf 90' lang='lat' dir='ltr'><strong>re</strong></span> <span class='ocrx_word' id='word_1_73' title='bbox 1901 1356 2051 1404; x_wconf 88' lang='lat' dir='ltr'><strong>nata</strong></span> 
     </span>
     <span class='ocr_line' id='line_1_14' title="bbox 525 1433 2051 1528; baseline -0.005 -25"><span class='ocrx_word' id='word_1_74' title='bbox 525 1438 831 1528; x_wconf 86' lang='lat' dir='ltr'><strong>precibus</strong></span> <span class='ocrx_word' id='word_1_75' title='bbox 867 1461 1061 1502; x_wconf 92' lang='lat' dir='ltr'><strong>cruce</strong></span> <span class='ocrx_word' id='word_1_76' title='bbox 1097 1437 1177 1500; x_wconf 92' lang='lat' dir='ltr'><strong>ad</strong></span> <span class='ocrx_word' id='word_1_77' title='bbox 1213 1439 1437 1524; x_wconf 59' lang='lat' dir='ltr'><strong>peffitus</strong></span> <span class='ocrx_word' id='word_1_78' title='bbox 1472 1433 1749 1523; x_wconf 89' lang='lat' dir='ltr'><strong>appensa</strong></span> <span class='ocrx_word' id='word_1_79' title='bbox 1786 1434 2007 1497; x_wconf 91' lang='lat' dir='ltr'><strong>munit</strong></span> <span class='ocrx_word' id='word_1_80' title='bbox 2033 1485 2051 1511; x_wconf 95' lang='lat'>,</span> 
     </span>
     <span class='ocr_line' id='line_1_15' title="bbox 524 1523 2056 1621; baseline -0.005 -24"><span class='ocrx_word' id='word_1_81' title='bbox 524 1533 718 1621; x_wconf 91' lang='lat' dir='ltr'><strong>seque</strong></span> <span class='ocrx_word' id='word_1_82' title='bbox 786 1531 1005 1595; x_wconf 91' lang='lat' dir='ltr'><strong>vocari</strong></span> <span class='ocrx_word' id='word_1_83' title='bbox 1073 1529 1300 1606; x_wconf 90' lang='lat' dir='ltr'><strong>iubet,</strong></span> <span class='ocrx_word' id='word_1_84' title='bbox 1371 1529 1413 1592; x_wconf 90' lang='lat' dir='ltr'><strong>fi</strong></span> <span class='ocrx_word' id='word_1_85' title='bbox 1481 1528 1641 1616; x_wconf 92' lang='lat' dir='ltr'><strong>quid</strong></span> <span class='ocrx_word' id='word_1_86' title='bbox 1709 1528 1768 1591; x_wconf 94' lang='lat' dir='ltr'><strong>ei</strong></span> <span class='ocrx_word' id='word_1_87' title='bbox 1834 1523 2056 1616; x_wconf 70' lang='lat' dir='ltr'><strong>postea</strong></span> 
     </span>
     <span class='ocr_line' id='line_1_16' title="bbox 526 1621 2056 1692; baseline -0.006 0"><span class='ocrx_word' id='word_1_88' title='bbox 526 1626 811 1692; x_wconf 90' lang='lat' dir='ltr'><strong>deterius</strong></span> <span class='ocrx_word' id='word_1_89' title='bbox 847 1625 1123 1688; x_wconf 89' lang='lat' dir='ltr'><strong>accidat.</strong></span> <span class='ocrx_word' id='word_1_90' title='bbox 1228 1621 1556 1685; x_wconf 89' lang='lat' dir='ltr'><strong>Postridie</strong></span> <span class='ocrx_word' id='word_1_91' title='bbox 1592 1621 1837 1684; x_wconf 91' lang='lat' dir='ltr'><strong>mulier</strong></span> <span class='ocrx_word' id='word_1_92' title='bbox 1882 1621 2056 1684; x_wconf 93' lang='lat' dir='ltr'><strong>bene</strong></span> 
     </span>
     <span class='ocr_line' id='line_1_17' title="bbox 526 1713 2039 1803; baseline -0.005 -19"><span class='ocrx_word' id='word_1_93' title='bbox 526 1719 673 1783; x_wconf 90' lang='lat' dir='ltr'><strong>sana</strong></span> <span class='ocrx_word' id='word_1_94' title='bbox 708 1717 741 1782; x_wconf 82' lang='grc' dir='ltr'>ὲ</span> <span class='ocrx_word' id='word_1_95' title='bbox 778 1717 931 1782; x_wconf 90' lang='lat' dir='ltr'><strong>foco</strong></span> <span class='ocrx_word' id='word_1_96' title='bbox 969 1716 1221 1794; x_wconf 85' lang='lat' dir='ltr'><strong>exfilit,</strong></span> <span class='ocrx_word' id='word_1_97' title='bbox 1261 1719 1325 1780; x_wconf 82' lang='lat'>&amp;</span> <span class='ocrx_word' id='word_1_98' title='bbox 1362 1715 1551 1803; x_wconf 86' lang='lat' dir='ltr'><strong>graui</strong></span> <span class='ocrx_word' id='word_1_99' title='bbox 1587 1714 1818 1778; x_wconf 90' lang='lat' dir='ltr'><strong>onusta</strong></span> <span class='ocrx_word' id='word_1_100' title='bbox 1853 1713 2039 1777; x_wconf 89' lang='lat' dir='ltr'><strong>sacco</strong></span> 
     </span>
     <span class='ocr_line' id='line_1_18' title="bbox 528 1808 2056 1899; baseline -0.005 -22"><span class='ocrx_word' id='word_1_101' title='bbox 528 1815 609 1878; x_wconf 93' lang='lat' dir='ltr'><strong>ad</strong></span> <span class='ocrx_word' id='word_1_102' title='bbox 645 1814 963 1876; x_wconf 91' lang='lat' dir='ltr'><strong>maritum</strong></span> <span class='ocrx_word' id='word_1_103' title='bbox 1000 1826 1311 1899; x_wconf 91' lang='lat' dir='ltr'><strong>quattuor</strong></span> <span class='ocrx_word' id='word_1_104' title='bbox 1363 1810 1519 1873; x_wconf 88' lang='lat' dir='ltr'><strong>inde</strong></span> <span class='ocrx_word' id='word_1_105' title='bbox 1555 1808 1771 1871; x_wconf 89' lang='lat' dir='ltr'><strong>leucas</strong></span> <span class='ocrx_word' id='word_1_106' title='bbox 1825 1823 2056 1894; x_wconf 88' lang='lat' dir='ltr'><strong>vegeta</strong></span> 
     </span>
     <span class='ocr_line' id='line_1_19' title="bbox 531 1901 2058 1971; baseline -0.005 -1"><span class='ocrx_word' id='word_1_107' title='bbox 531 1907 897 1971; x_wconf 89' lang='lat' dir='ltr'><strong>contendit.</strong></span> <span class='ocrx_word' id='word_1_108' title='bbox 993 1907 1163 1968; x_wconf 88' lang='lat' dir='ltr'><strong>Eam</strong></span> <span class='ocrx_word' id='word_1_109' title='bbox 1187 1903 1596 1966; x_wconf 88' lang='lat' dir='ltr'><strong>sanationem</strong></span> <span class='ocrx_word' id='word_1_110' title='bbox 1625 1901 2058 1964; x_wconf 89' lang='lat' dir='ltr'><strong>Caluinianus</strong></span> 
     </span>
     <span class='ocr_line' id='line_1_20' title="bbox 535 1993 2057 2089; baseline -0.006 -24"><span class='ocrx_word' id='word_1_111' title='bbox 535 1999 925 2089; x_wconf 91' lang='lat' dir='ltr'><strong>Dieppenfis</strong></span> <span class='ocrx_word' id='word_1_112' title='bbox 977 1998 1288 2061; x_wconf 91' lang='lat' dir='ltr'><strong>omnium</strong></span> <span class='ocrx_word' id='word_1_113' title='bbox 1340 1996 1593 2084; x_wconf 91' lang='lat' dir='ltr'><strong>primus</strong></span> <span class='ocrx_word' id='word_1_114' title='bbox 1648 1993 2057 2071; x_wconf 90' lang='lat' dir='ltr'><strong>obseruauit,</strong></span> 
     </span>
     <span class='ocr_line' id='line_1_21' title="bbox 533 2087 2058 2181; baseline -0.007 -23"><span class='ocrx_word' id='word_1_115' title='bbox 533 2093 1020 2181; x_wconf 89' lang='lat' dir='ltr'><strong>confestimque</strong></span> <span class='ocrx_word' id='word_1_116' title='bbox 1074 2091 1249 2155; x_wconf 86' lang='lat' dir='ltr'><strong>illius</strong></span> <span class='ocrx_word' id='word_1_117' title='bbox 1305 2105 1621 2153; x_wconf 91' lang='lat' dir='ltr'><strong>euentum</strong></span> <span class='ocrx_word' id='word_1_118' title='bbox 1678 2087 2058 2150; x_wconf 92' lang='lat' dir='ltr'><strong>mirabilem</strong></span> 
     </span>
     <span class='ocr_line' id='line_1_22' title="bbox 534 2180 2058 2251; baseline -0.006 1"><span class='ocrx_word' id='word_1_119' title='bbox 534 2188 963 2251; x_wconf 85' lang='lat' dir='ltr'><strong>nunciaturus</strong></span> <span class='ocrx_word' id='word_1_120' title='bbox 992 2186 1071 2249; x_wconf 90' lang='lat' dir='ltr'><strong>ad</strong></span> <span class='ocrx_word' id='word_1_121' title='bbox 1103 2185 1369 2248; x_wconf 88' lang='lat' dir='ltr'><strong>Patrem</strong></span> <span class='ocrx_word' id='word_1_122' title='bbox 1401 2182 1716 2245; x_wconf 85' lang='lat' dir='ltr'><strong>Biardum</strong></span> <span class='ocrx_word' id='word_1_123' title='bbox 1754 2180 2058 2243; x_wconf 89' lang='lat' dir='ltr'><strong>accurrit.</strong></span> 
     </span>
     <span class='ocr_line' id='line_1_23' title="bbox 537 2275 2059 2361; baseline -0.006 -17"><span class='ocrx_word' id='word_1_124' title='bbox 537 2283 726 2346; x_wconf 93' lang='lat' dir='ltr'><strong>Idem</strong></span> <span class='ocrx_word' id='word_1_125' title='bbox 815 2281 1007 2344; x_wconf 90' lang='lat' dir='ltr'><strong>Pater</strong></span> <span class='ocrx_word' id='word_1_126' title='bbox 1087 2279 1155 2341; x_wconf 90' lang='lat' dir='ltr'><strong>in</strong></span> <span class='ocrx_word' id='word_1_127' title='bbox 1216 2301 1337 2340; x_wconf 70' lang='lat' dir='ltr'><strong>,ora</strong></span> <span class='ocrx_word' id='word_1_128' title='bbox 1405 2275 1837 2361; x_wconf 86' lang='lat' dir='ltr'><strong>Pentegoetia</strong></span> <span class='ocrx_word' id='word_1_129' title='bbox 1905 2295 2059 2336; x_wconf 93' lang='lat' dir='ltr'><strong>cum</strong></span> 
     </span>
     <span class='ocr_line' id='line_1_24' title="bbox 538 2365 2062 2456; baseline -0.007 -17"><span class='ocrx_word' id='word_1_130' title='bbox 538 2374 971 2438; x_wconf 92' lang='lat' dir='ltr'><strong>Biencourtio</strong></span> <span class='ocrx_word' id='word_1_131' title='bbox 1008 2370 1377 2436; x_wconf 88' lang='lat' dir='ltr'><strong>versabatur</strong></span> <span class='ocrx_word' id='word_1_132' title='bbox 1401 2422 1418 2446; x_wconf 94' lang='lat'>,</span> <span class='ocrx_word' id='word_1_133' title='bbox 1455 2369 1564 2431; x_wconf 92' lang='lat' dir='ltr'><strong>vbi</strong></span> <span class='ocrx_word' id='word_1_134' title='bbox 1603 2391 1721 2456; x_wconf 92' lang='lat' dir='ltr'><strong>pro</strong></span> <span class='ocrx_word' id='word_1_135' title='bbox 1760 2365 2062 2429; x_wconf 88' lang='lat' dir='ltr'><strong>instituto</strong></span> 
     </span>
     <span class='ocr_line' id='line_1_25' title="bbox 539 2462 2064 2555; baseline -0.007 -24"><span class='ocrx_word' id='word_1_136' title='bbox 539 2467 822 2555; x_wconf 90' lang='lat' dir='ltr'><strong>mapalia</strong></span> <span class='ocrx_word' id='word_1_137' title='bbox 872 2466 1314 2530; x_wconf 90' lang='lat' dir='ltr'><strong>Barbarorum</strong></span> <span class='ocrx_word' id='word_1_138' title='bbox 1368 2462 1810 2537; x_wconf 91' lang='lat' dir='ltr'><strong>circumiens,</strong></span> <span class='ocrx_word' id='word_1_139' title='bbox 1861 2481 2064 2547; x_wconf 83' lang='lat' dir='ltr'><strong>aegros</strong></span> 
     </span>
     <span class='ocr_line' id='line_1_26' title="bbox 539 2551 2063 2645; baseline -0.007 -21"><span class='ocrx_word' id='word_1_140' title='bbox 539 2561 806 2638; x_wconf 88' lang='lat' dir='ltr'><strong>visebat,</strong></span> <span class='ocrx_word' id='word_1_141' title='bbox 832 2560 1158 2623; x_wconf 91' lang='lat' dir='ltr'><strong>solabatur</strong></span> <span class='ocrx_word' id='word_1_142' title='bbox 1175 2610 1190 2636; x_wconf 93' lang='lat'><strong>,</strong></span> <span class='ocrx_word' id='word_1_143' title='bbox 1215 2556 1520 2645; x_wconf 78' lang='lat' dir='ltr'><strong>precibus</strong></span> <span class='ocrx_word' id='word_1_144' title='bbox 1537 2608 1553 2632; x_wconf 93' lang='lat'><strong><em>,</em></strong></span> <span class='ocrx_word' id='word_1_145' title='bbox 1578 2577 1651 2617; x_wconf 90' lang='lat' dir='ltr'><strong>ac</strong></span> <span class='ocrx_word' id='word_1_146' title='bbox 1673 2551 2063 2617; x_wconf 90' lang='lat' dir='ltr'><strong>Christianis</strong></span> 
     </span>
     <span class='ocr_line' id='line_1_27' title="bbox 540 2644 2062 2717; baseline -0.007 -1"><span class='ocrx_word' id='word_1_147' title='bbox 540 2654 961 2717; x_wconf 85' lang='lat' dir='ltr'><strong>documentis</strong></span> <span class='ocrx_word' id='word_1_148' title='bbox 1020 2651 1310 2715; x_wconf 88' lang='lat' dir='ltr'><strong>iuuabat.</strong></span> <span class='ocrx_word' id='word_1_149' title='bbox 1439 2649 1541 2712; x_wconf 91' lang='lat' dir='ltr'><strong>Ibi</strong></span> <span class='ocrx_word' id='word_1_150' title='bbox 1606 2646 1878 2711; x_wconf 91' lang='lat' dir='ltr'><strong>tertium</strong></span> <span class='ocrx_word' id='word_1_151' title='bbox 1929 2644 2062 2707; x_wconf 90' lang='lat' dir='ltr'><strong>iam</strong></span> 
     </span>
    </p>

    <p class='ocr_par' dir='ltr' id='par_1_3' title="bbox 1775 2736 2067 2800">
     <span class='ocr_line' id='line_1_28' title="bbox 1775 2736 2067 2800; baseline -0.003 0"><span class='ocrx_word' id='word_1_152' title='bbox 1775 2736 2067 2800; x_wconf 89' lang='lat' dir='ltr'><strong>mensem</strong></span> 
     </span>
    </p>
   </div>
  </div>
 </body>
</html>
