2174 3523
583 153 671 225 18

573 336 760 399 omni
835 332 1029 418 officij
1102 355 1345 419 genere
1429 331 1864 394 conciliandis
1928 325 2084 393 cum

577 428 777 492 nostri
816 424 987 489 nihil
1045 448 1177 487 non
1240 422 1624 501 tentassent,
1685 446 1920 511 parum
1975 438 2086 486 aut

575 520 745 584 nihil
774 534 1275 607 permonerunt.
1379 515 1748 580 Enimuero
1772 569 1788 595 ‚
1813 531 2081 605 praeter-

573 636 774 701 quam
813 611 992 700 quod
1029 608 1312 674 minime
1349 610 1604 673 idoneis
1656 610 1736 673 ad
1790 609 2082 698 discipli-

575 729 729 769 nam
766 703 1093 792 magistris
1127 704 1477 768 Vtebantur
1502 756 1519 782 ,
1571 700 1606 766 a
1640 703 1876 791 quibus
1912 700 2086 766 nihil

491 850 493 853 .
576 821 1041 888 expromereS‚
1098 798 1214 861 nifi
1270 795 1567 861 afflueter
1607 794 1756 860 ante
1791 795 2084 884 saginato

575 892 949 980 aqualiculo
986 943 1003 969 ,
1074 894 1137 956 &
1206 915 1371 979 quos
1452 913 1654 953 morae
1680 942 1697 968 ,
1767 890 1865 953 vel
1950 911 2086 952 non

578 986 902 1049 diuturnae
931 1037 947 1062 ‚
1016 983 1620 1073 impatientiffimos
1686 982 2082 1046 idemtidem

575 1079 684 1143 abs
722 1096 785 1142 te
821 1078 1219 1141 abalienaret
1243 1131 1259 1156 ,
1309 1077 1758 1164 auelleretque
1805 1074 2084 1139 studiosa

578 1171 890 1260 cuiusque
949 1172 1042 1234 rei
1102 1171 1560 1260 percontatio:
1621 1170 1753 1259 ipsa
1817 1191 2088 1257 quoque

575 1265 816 1353 linguae
900 1265 1240 1343 conditio,
1325 1265 1725 1327 idoneorum
1755 1316 1771 1341 ‚
1841 1263 1921 1326 ad
1989 1284 2085 1324 res

578 1360 780 1422 etiam
818 1357 1287 1446 vulgatiffimas
1316 1411 1332 1435 ,
1388 1357 1868 1420 vocabulorum
1906 1355 2082 1419 indi-

578 1451 1002 1539 gentiffimae‚
1089 1452 1467 1514 nostrorum
1535 1449 1794 1514 incensa
1878 1448 2087 1512 studia

580 1544 912 1622 destituit,
999 1547 1063 1609 δε
1146 1545 1402 1607 animos
1470 1545 1760 1632 grauiter
1826 1540 2084 1605 afflixit.

583 1639 836 1701 Rerum
875 1637 1123 1701 scilicet
1151 1691 1167 1716 ,
1206 1661 1348 1725 quae
1384 1638 1495 1700 sub
1533 1637 1864 1725 aspecsstum
1892 1688 1909 1714 ,
1948 1651 2084 1698 tac-

580 1748 723 1794 tum
750 1784 765 1808 ‚
806 1734 869 1795 δε
908 1731 1196 1819 reliquos
1232 1731 1440 1794 sensus
1476 1732 1759 1807 cadunt,
1804 1753 1885 1792 ex
1926 1729 2086 1792 Bar-

580 1825 893 1887 barorum
918 1824 1228 1913 responsis
1253 1824 1709 1888 nomenclatio
1727 1839 2089 1910 Vtcumque

580 1916 1240 2006 deprehendebatur:
1299 1918 1404 1981 sed
1466 1941 1692 1981 earum
1753 1940 1895 2004 quae
1946 1916 2088 1978 sen-

576 2011 765 2074 suum
802 2012 941 2074 vim
978 2010 1282 2099 fugiunt,
1320 2011 1576 2074 summa
1605 2011 1694 2074 est
1731 2010 1905 2098 apud
1941 2031 2088 2072 eam

577 2120 850 2192 gentem
889 2105 1419 2193 appellationum
1474 2104 1793 2192 penuria,
1848 2105 1911 2167 &
1963 2102 2092 2165 alta

577 2221 845 2285 quoque
913 2221 1135 2261 rerum
1206 2199 1561 2286 ignoratio
1702 2195 2090 2259 Posterioris

576 2307 799 2354 autem
838 2292 1095 2378 generis
1132 2293 1463 2380 desperata
1516 2289 1856 2378 disciplina
1880 2341 1896 2367 ,
1935 2311 2091 2351 cum

578 2407 795 2471 neque
830 2384 1125 2472 priorem
1181 2385 1453 2448 Barbari
1504 2399 1614 2446 aut
1649 2381 1942 2471 pofi‘ent,
1980 2396 2092 2445 aut

576 2478 823 2540 vellent
861 2478 1157 2556 tradere3
1198 2501 1322 2542 vna
1360 2477 1614 2564 reliqua
1663 2475 1797 2564 spes
1834 2491 1970 2539 erat
2021 2475 2089 2538 in

575 2570 984 2634 adolescente
1071 2572 1270 2635 Gallo
1296 2624 1312 2649 ,
1396 2570 1761 2633 vernaculae
1845 2568 2091 2656 linguae

571 2663 740 2726 bene
808 2664 1022 2751 perito
1051 2717 1067 2742 ‚
1154 2664 1402 2728 eximia
1469 2661 1891 2726 humanitate
1918 2713 1934 2738 ,
2022 2663 2087 2725 δε

1727 2769 2045 2818 comltate
2073 2805 2092 2830 ,
