2174 3523
1539 152 1631 225 51

122 321 264 385 sum
318 319 692 384 direxissent
744 320 883 382 duae
937 319 1207 395 lintreS,
1265 311 1639 405 opportune

123 411 515 489 adfuerunt,
584 409 733 476 ante
800 409 1000 499 quam
1067 411 1424 473 solueretur
1452 461 1469 486 ‚
1522 408 1636 470 ad-

129 504 430 592 miffique
458 528 689 568 omnes
713 557 728 582 ,
761 505 918 568 velis
945 503 1127 567 saetis
1154 504 1222 566 in
1249 503 1639 566 Francicam

128 597 538 661 Britanniam
563 650 579 675 ,
648 597 805 660 salui
874 600 936 660 ὃς
1002 596 1372 659 incolumes
1442 595 1639 656 Mac-

128 689 416 753 louiense
488 691 737 778 oppidu
805 704 1159 752 tenuerunt
1186 741 1203 766 ,
1288 687 1397 750 vbi
1452 688 1642 750 Pater

131 780 432 845 Maffaeus
460 783 768 870 fingulari
789 782 1257 844 Maclouienfis
1277 779 1607 843 Antistitis
1626 830 1642 856 ,

133 874 652 962 Magistratuum
690 927 707 952 ,
793 875 1420 961 oppidanorumque
1517 871 1643 934 hu-

129 968 446 1031 manitate
531 990 604 1031 ac
688 965 1124 1031 beneficentia
1208 961 1649 1028 liberaliffime

128 1077 432 1148 acceptus
468 1059 578 1124 est.
683 1061 788 1122 De
827 1059 1125 1122 Patribus
1153 1074 1376 1120 autem
1407 1057 1648 1120 Biardo

128 1156 191 1216 &
230 1154 563 1221 Quintino
593 1205 610 1230 ,
668 1153 758 1215 vti
817 1151 1132 1228 diximuS,
1196 1166 1600 1213 conuenerat
1629 1202 1645 1226 ‚

127 1262 194 1309 vt
228 1247 295 1309 in
332 1245 564 1309 insulas
603 1246 974 1308 Peuco’i'tias
1011 1242 1397 1321 transueeti,
1451 1265 1649 1330 opera

130 1338 528 1426 piscatorum
559 1338 942 1425 Anglorum
981 1337 1136 1400 inde
1173 1337 1240 1398 in
1294 1336 1647 1399 Franciam

133 1434 670 1519 deportarentur:
710 1429 816 1494 sed
853 1447 1105 1494 mutata
1133 1427 1275 1517 post
1302 1428 1651 1506 sententia,

134 1526 201 1587 in
244 1524 545 1611 Virginis]
579 1523 724 1587 sunt
761 1523 1111 1600 destinati,
1165 1519 1319 1585 cum
1375 1522 1442 1584 in
1494 1544 1650 1610 cap-

136 1619 342 1680 tiuam
416 1640 654 1680 nauem
724 1618 831 1680 cui
898 1616 1255 1679 Turnellus
1337 1631 1606 1703 praeerat
1635 1666 1653 1692 ,

137 1708 335 1773 effent
408 1710 699 1798 impofiti
766 1733 921 1773 cum
1005 1710 1146 1771 aliis
1213 1708 1508 1795 quinque
1575 1708 1655 1772 de

140 1802 577 1866 contubernio
599 1855 616 1881 ‚
647 1803 890 1866 caeteris
914 1806 1063 1866 oeto
1091 1801 1279 1865 sociis
1302 1802 1369 1864 in
1398 1800 1654 1888 Argalli

143 1896 523 1958 Praetoriam
590 1895 898 1983 ingreffiS.
998 1895 1430 1982 Virginienfis
1489 1917 1653 1981 prae-

140 1988 274 2073 fidij
315 1987 650 2074 praescetus
688 1990 768 2052 de
803 1989 1081 2076 captiuis
1134 1987 1387 2051 Iesuitis
1439 1986 1654 2050 nescio

140 2081 301 2169 quid
384 2081 748 2145 inaudierat
783 2134 800 2159 ,
885 2080 1102 2169 eisque
1185 2082 1352 2145 diras
1434 2088 1658 2143 cruces

143 2173 427 2237 struebat
450 2227 466 2252 ,
505 2176 686 2238 cuius
716 2176 965 2238 decreti
989 2175 1270 2238 nuncius
1298 2174 1378 2237 ad
1407 2173 1659 2238 nostros

142 2269 209 2330 in
248 2291 444 2331 naues
480 2270 541 2332 ὃς
572 2268 651 2331 ad
680 2284 940 2332 caeteros
969 2268 1263 2356 captiuos
1286 2266 1621 2331 aduolarat
1642 2318 1660 2344 ,

143 2361 257 2448 qui
318 2361 656 2424 nonnullis
716 2365 1108 2425 noeturnam
1165 2361 1461 2448 quietem
1517 2360 1658 2424 adi-

142 2470 352 2517 meret
374 2507 391 2532 ,
430 2478 551 2518 nec
579 2455 692 2517 ille
715 2454 913 2542 quide
935 2454 1116 2518 inani
1139 2477 1407 2517 rumore
1432 2454 1656 2529 nixus3

142 2544 295 2610 cum
366 2548 547 2610 enim
616 2549 696 2611 ad
757 2548 1135 2636 Virginiam
1196 2570 1362 2611 naue
1412 2545 1660 2634 appulfi

142 2639 343 2704 effent
383 2640 626 2719 nostri,
687 2642 822 2705 eius
877 2640 1086 2704 furori
1147 2640 1660 2705 destinabantur.

1355 2732 1671 2820 Argallus
