2174 3523
580 152 673 246 58

577 333 800 409 issent,
837 328 1198 393 Turnellus
1254 326 1380 391 fuit
1434 328 1501 390 in
1559 326 1851 405 honore,
1907 343 2106 415 atque

578 443 645 489 vt
682 426 900 488 virum
934 422 1232 486 nobilem
1267 421 1576 484 decuerat
1601 473 1616 498 ‚
1647 419 1854 509 probev
1880 420 2108 483 omnia

580 516 823 607 geffiffe
853 517 1142 580 creditus
1171 513 1296 578 est:
1331 513 1564 578 nostris
1591 512 1745 577 vero
1775 514 1866 577 est
1888 511 2108 576 honor

580 612 841 675 habitus
879 663 895 688 ‚
966 613 1030 674 δε
1100 608 1274 696 apud
1342 607 1662 671 Maiorem
1735 606 1969 684 Vrbis,
2038 610 2107 669 ’vt

580 721 859 782 vocant,
900 701 1379 791 Magistratum
1434 701 1775 789 plebeium
1812 701 2061 764 scilicet
2088 750 2106 777 ‚

580 797 944 887 hospitium
1032 795 1122 859 est
1205 794 1618 882 affignatum.
1760 793 1899 863 Qui
1982 815 2106 882 pro

583 890 898 956 Praefeeto
955 891 1049 954 rei
1106 889 1460 951 maritimae
1517 888 1614 950 ius
1672 884 2101 973 Pembrochij

582 1002 725 1049 tum
753 985 1015 1048 dicebat
1039 982 1362 1047 Nicolaus
1392 981 1643 1044 Adams
1666 1032 1683 1058 ‚
1708 981 1881 1068 apud
1903 1001 2103 1067 quem

582 1078 787 1143 nostri
825 1076 1285 1141 testimonium
1339 1075 1684 1152 dixerant,
1737 1074 1848 1136 vbi
1899 1072 2110 1136 audiit

581 1170 851 1261 peffime
920 1172 995 1235 iis
1056 1168 1177 1233 effe
1243 1169 1311 1231 in
1382 1169 1652 1255 nauigio
1677 1219 1694 1245 ,
1764 1165 1935 1230 iuffit
2003 1188 2110 1229 eos

585 1265 891 1329 diuersari
952 1264 1123 1353 apud
1185 1264 1280 1326 εὖ.
1328 1261 1801 1349 Magistratum
1827 1313 1843 1338 ‚
1904 1281 2108 1347 quem

583 1359 1028 1423 indicauimus
1052 1410 1068 1435 ,
1106 1357 1344 1444 suaque
1379 1354 1508 1418 fide
1539 1355 1772 1417 omnia
1809 1355 1898 1417 eis
1957 1352 2107 1442 sup-

581 1453 863 1535 peditari
902 1447 1163 1539 copiose
1187 1502 1204 1527 ,
1243 1449 1482 1536 quibus
1530 1449 1572 1511 s1
1624 1445 1899 1525 deeffet,
1937 1447 2111 1510 vnde

586 1546 701 1609 fibi
739 1547 1217 1633 rependerent,
1260 1542 1391 1605 Dei
1446 1541 1629 1605 causa
1683 1542 1744 1604 se
1799 1542 1875 1604 iis
1929 1540 2108 1603 sum-

588 1657 775 1702 tuum
841 1639 1124 1726 gratiam
1186 1637 1470 1699 libenter
1529 1634 1745 1698 facere
1806 1634 2066 1698 dicebat
2094 1685 2111 1711 ,

588 1731 765 1821 quod
828 1748 1084 1820 putaret
1139 1726 1422 1793 minime
1476 1729 1747 1806 decere,
1787 1727 1866 1790 ab
1920 1727 2112 1790 omni

589 1826 915 1914 dignitate
951 1849 1024 1889 ac
1062 1824 1361 1888 doetrina
1397 1821 1724 1886 instruetis
1759 1822 1912 1884 viris
1940 1817 2112 1884 nihil

590 1920 763 2008 apud
850 1915 1332 1983 Pembrochios
1422 1917 1599 1979 ciues
1682 1913 2116 1978 humanitatis

590 2014 895 2100 relinqui.
1024 2010 1301 2074 Missum
1388 2026 1522 2073 erat
1606 2011 1686 2073 ad
1755 2007 2115 2071 Britanniae

594 2108 855 2194 Regem
895 2107 975 2170 de
1004 2105 1239 2168 nostris
1267 2157 1283 2182 ,
1321 2105 1504 2167 cuius
1534 2103 1690 2166 dum
1724 2101 2111 2189 rescriptum

591 2199 1036 2288 exspeehitur,
1099 2197 1478 2286 frequentes
1530 2195 1777 2259 visendi
1844 2191 2112 2257 confer-

592 2294 879 2381 endique
916 2293 1125 2380 gratia
1161 2292 1454 2378 vndique
1482 2289 1560 2352 ad
1591 2288 1841 2352 nostros
1870 2287 2116 2350 adeunt

592 2388 672 2449 de
709 2387 1058 2449 nobilitate
1082 2438 1098 2463 ‚
1138 2387 1217 2448 de
1254 2383 1744 2472 magistratibus
1775 2434 1790 2459 ,
1827 2404 1902 2445 ac
1931 2380 2113 2443 min-

593 2479 757 2543 istris
793 2481 992 2543 etiam
1024 2532 1040 2557 ,
1080 2501 1367 2566 quorum
1399 2493 1753 2564 quaternos
1790 2475 1856 2538 in
1895 2471 2113 2561 dispu—

592 2573 857 2636 tationis
891 2572 1178 2661 palaestra
1216 2595 1369 2635 cum
1409 2570 1538 2633 illis
1575 2568 1910 2632 commifit
1964 2566 2113 2653 qui-

593 2666 744 2728 dam
772 2667 851 2730 de
876 2666 1291 2754 proceribUS,
1323 2664 1636 2728 doetrinaz³
1665 2659 2117 2816 pericli{argldae

1883 2761 1901 2816 1
1939 2777 1978 2815 u
2031 2775 2116 2817 10.
