2174 3523
1472 199 1561 270 Ι7

64 361 331 448 grauior
368 361 434 423 in
472 361 804 425 nauticam
842 384 1089 449 penum
1125 361 1303 423 illata
1356 358 1562 421 solido

65 454 525 541 quadrimestri
587 455 777 518 labes,
912 453 1374 522 Quamobrem
1432 452 1561 513 Po-

65 547 460 609 trincourtio
514 546 849 633 sexaginta
908 545 1267 609 hominum
1322 560 1561 608 contu-

63 639 293 702 bernio
317 691 333 715 ,
404 639 772 702 tenuiffima
841 663 908 701 re
974 638 1332 701 domestica
1359 690 1376 714 ,
1428 638 1563 699 iam

65 754 218 794 eum
237 754 417 818 paene
440 732 583 819 ipfis
607 732 812 794 initiis
830 731 1283 819 opprimente,
1310 726 1562 792 mature

61 824 553 911 prouidendum
634 822 797 900 fuit,
884 847 965 886 ne
1052 823 1280 885 Portus
1367 823 1557 909 Regij

60 918 374 1004 penuaria
457 917 619 980 cella
683 917 749 978 in
819 916 1198 1003 sequentem
1268 913 1565 977 hiemem

62 1007 374 1072 exhausta
411 1010 906 1096 relinqueretur.
1010 1008 1215 1070 Cuius
1251 1030 1562 1094 procura—

65 1102 300 1179 tioniS,
339 1119 406 1165 vt
442 1101 708 1164 familiae
744 1117 999 1188 patrem
1038 1101 1296 1177 decuit,
1350 1099 1562 1162 sumto

58 1195 175 1257 fibi
213 1218 449 1272 onere,
506 1194 637 1282 ipse
674 1194 739 1255 in
795 1194 1087 1255 Galliam
1141 1193 1560 1268 traiecturUS,

61 1288 139 1350 de
167 1287 646 1374 Porturegienfi
676 1286 1107 1349 multitudine
1142 1308 1322 1372 paene
1351 1285 1558 1371 quad-

60 1380 411 1466 ragefimus
434 1381 658 1442 medio
689 1379 862 1441 Iulio
885 1378 1077 1441 soluit
1100 1431 1114 1455 ,
1147 1377 1560 1465 exeunteque

60 1473 363 1559 Augusto
402 1473 635 1535 Galliae
689 1472 896 1534 littori
946 1470 1242 1559 appulsus
1280 1470 1371 1532 est
1399 1523 1415 1548 ‚
1453 1495 1556 1533 re-

58 1565 214 1628 licto
300 1566 727 1628 Biencourtio
809 1565 947 1627 filio
972 1617 988 1641 ,
1073 1586 1228 1630 cum
1312 1564 1590 1651 reliqua

59 1656 374 1735 cohorte,
437 1659 552 1745 qui
614 1657 1094 1745 Porturegienfi
1156 1657 1290 1719 arci
1347 1657 1558 1744 praefi-

61 1751 261 1814 deret.

152 1844 220 1907 N
247 1867 285 1906 o
328 1867 353 1906 s
377 1866 424 1907 T
451 1866 491 1907 R
520 1866 540 1906 1
567 1866 590 1906 s
669 1845 915 1907 interea
939 1896 955 1921 ,
1040 1844 1219 1930 quod
1300 1842 1560 1906 suarum

58 1938 346 2024 partium
384 1936 572 2014 effet,
626 1934 816 2000 enixe
851 1936 1326 2023 satagentibuS,
1374 1936 1559 1998 cordi

57 2045 192 2092 erat
227 2030 295 2092 in
333 2031 563 2117 primis
590 2030 921 2118 popularis
951 2029 1190 2116 linguae
1217 2028 1514 2116 cognitio
1539 2081 1555 2105 ,

55 2145 257 2209 quam
297 2123 476 2185 Galli
513 2123 747 2185 leuiter
803 2121 1006 2185 modo
1062 2122 1460 2198 delibatam,
1513 2123 1556 2184 fi

54 2239 259 2278 vnum
289 2216 621 2303 exciperes
645 2268 660 2292 ,
687 2216 943 2278 tradere
970 2215 1341 2303 praeceptiS,
1370 2210 1558 2277 vsuve

55 2308 293 2372 docere
335 2331 468 2371 non
522 2325 866 2396 poterant;
907 2325 972 2371 vt
1031 2331 1154 2370 vna
1215 2309 1558 2370 dumtaxat

55 2401 305 2488 reliqua
344 2399 493 2464 effet
529 2402 695 2464 ratio
745 2402 880 2464 eius
935 2401 1013 2463 ab
1072 2400 1341 2488 stupidis
1377 2400 1553 2463 indi-

53 2495 275 2581 genis,
314 2517 448 2556 non
485 2494 897 2558 institutione
921 2546 936 2571 ,
975 2493 1080 2558 sed
1117 2493 1355 2556 affidua
1392 2516 1555 2556 con-

50 2586 392 2650 suetudine
474 2588 742 2650 tandem
826 2587 1293 2675 exprimendae.
1430 2587 1558 2649 His

52 2681 274 2767 itaque
310 2732 326 2757 ,
411 2681 794 2744 muneribus
818 2733 835 2758 ,
921 2681 1277 2757 comitate,
1361 2695 1558 2767 atque

1373 2773 1560 2835 omni

650 2866 691 2912 C
