2174 3523
1566 191 1607 263 7

112 349 379 437 plaenius
432 349 744 412 eumdem
797 373 870 412 ac
924 351 1434 438 Pentegoetium
1486 349 1616 412 effe

113 441 478 526 contendit.
646 443 886 530 Populi
976 460 1148 507 trans
1240 440 1566 530 Saqueum
1597 494 1613 520 ,

114 529 1019 613 Sanffih'lmve-Laurentium,
1059 536 1206 599 vers
1209 533 1276 598 hs
1327 535 1613 622 Aquilo-

114 650 270 689 nem
294 678 310 704 ,
351 650 485 689 non
521 628 753 714 procul
790 628 965 691 illius
1000 629 1174 691 ostiis
1198 681 1214 706 ,
1252 628 1396 691 sunt
1434 629 1613 691 Can-

112 720 235 805 adij
264 771 280 796 ,
320 722 382 783 &
436 721 1031 807 Excomminquij:
1098 719 1296 808 longe
1332 720 1483 783 vero
1535 720 1615 782 ab

113 810 214 874 his
232 863 248 889 ,
275 813 504 874 eadem
533 813 793 875 Boreali
817 814 955 900 ripa
979 865 995 890 ,
1031 812 1252 876 versos
1276 813 1577 876 occasum
1600 865 1617 890 ‚

111 902 144 967 ὲ
172 905 443 991 regione
473 905 789 981 Floridae‚
818 906 1120 968 incolunt
1145 906 1575 993 Algomeguij
1598 957 1615 982 ‚

112 1012 307 1084 atque
358 996 810 1084 Ochasteguij.
915 998 1028 1060 Cis
1083 999 1615 1061 Sanehnn-Lau-

110 1091 398 1153 rentium
426 1142 441 1167 ,
498 1090 565 1151 in
626 1089 915 1152 Australi
975 1113 1086 1152 ora
1146 1092 1397 1177 degunt
1454 1093 1615 1153 item

114 1184 385 1268 Canadij
409 1235 424 1260 ‚
462 1182 540 1244 ad
569 1182 779 1270 ipsum
818 1184 1049 1269 magni
1084 1184 1295 1246 amnis
1331 1182 1576 1246 flexum
1599 1236 1615 1260 ‚

110 1276 188 1338 ab
249 1277 429 1339 Euro
485 1275 552 1337 in
607 1274 927 1337 Austrum
985 1276 1344 1339 declinz'atiS.
1466 1275 1617 1338 Post

111 1392 217 1431 eos
241 1369 320 1431 ad
346 1367 674 1430 Occasum
700 1369 931 1455 vergfit
960 1369 1283 1456 Souriquij
1306 1421 1323 1446 ,
1353 1369 1619 1431 Acadiae

110 1461 398 1548 regionis
416 1461 680 1524 incolae:
712 1461 950 1524 deinde
968 1462 1048 1524 ad
1068 1462 1580 1548 Pentegoetium
1599 1514 1616 1538 ‚

107 1553 213 1617 seu
251 1554 759 1641 Norembegam
797 1552 1078 1617 fluuium
1103 1607 1119 1631 ,
1159 1555 1567 1641 Pentegoetij
1600 1581 1614 1617 ε

108 1649 187 1710 ad
236 1645 477 1709 horum
537 1647 882 1724 dextram,
942 1647 1268 1710 Occasum
1320 1647 1615 1734 spedhm-

111 1741 279 1803 tium
306 1792 322 1817 ,
377 1741 548 1802 circa
585 1738 923 1826 erecum
972 1764 1234 1817 arcem,
1291 1740 1615 1827 Montag-

111 1833 265 1918 netij
298 1858 310 1896 :
399 1832 543 1920 post
629 1834 1091 1920 Pentegoetios
1173 1837 1350 1896 reeto
1410 1837 1616 1896 traCtu

111 1924 524 2012 Etem'inquij
554 1978 569 2003 ,
608 1926 687 1988 ad
723 1949 993 1988 amnem
1034 1927 1612 2012 Quinibequium:

111 2019 265 2081 inde
340 2016 804 2104 Almochiquij
880 2019 959 2081 ad
1019 2018 1268 2081 flumen
1342 2018 1614 2082 Chofia-

109 2112 401 2174 coetium
428 2163 443 2187 ‚
483 2110 801 2174 latiffimis
838 2112 1088 2199 campis
1125 2110 1376 2175 diffufi:
1425 2113 1613 2175 deni-

110 2227 237 2290 que
272 2204 442 2267 inter
481 2204 859 2281 Floridam,
898 2207 961 2268 &
1000 2203 1366 2292 Sacqueum
1425 2228 1613 2292 mag-

110 2320 272 2359 num
357 2320 624 2359 amnem
656 2349 673 2374 ‚
760 2298 1008 2385 Iroquij
1097 2296 1570 2386 campestribus
1598 2351 1615 2376 ,

110 2389 551 2477 montofisque
646 2391 806 2452 locis
902 2389 1200 2453 latiffime
1291 2389 1613 2455 habitant.

109 2482 428 2569 Reliquos
466 2483 678 2546 Nouae
707 2484 998 2546 Franciae
1025 2484 1304 2571 populos
1334 2484 1577 2547 multos
1599 2537 1614 2562 ,

106 2575 461 2663 praesertim
500 2592 671 2639 trans
710 2600 1033 2664 magnum
1073 2574 1438 2664 Sacqueum
1470 2601 1612 2640 am-

109 2692 304 2746 nem,
356 2669 834 2756 Aquilonares‚
893 2671 1073 2733 Galli
1129 2671 1442 2734 nostrates
1479 2695 1614 2734 non

1500 2764 1613 2826 nifi
