2174 3523
538 187 637 257 34

545 345 747 431 gienfi
787 345 1011 431 quiete
1049 347 1241 409 Pater
1285 345 1562 408 Biardus
1600 346 1848 409 interea
1902 346 2064 409 doc-

543 454 687 500 tore
724 437 1015 500 Barbam
1058 439 1361 501 Vtebatur
1416 439 1496 501 ad
1552 440 2063 502 condiscendam

540 530 956 608 barbariem,
1014 555 1155 619 quae
1208 532 1268 594 se
1327 532 1648 595 idoneum
1711 533 2056 620 Euangelij

540 646 915 711 praeconem
953 625 1020 687 in
1059 626 1207 688 rudi
1244 626 1613 688 admodum
1662 642 1859 713 gente
1894 649 2060 714 prae-

541 715 772 780 staret:
826 719 933 780 cui
971 719 1227 783 doctori
1265 719 1583 806 quamdiu
1623 717 1854 782 habuit
1889 721 2062 784 vnde

541 810 837 873 mensam
877 812 1264 875 insterneret
1293 865 1309 890 ,
1349 813 1484 874 eius
1521 810 1747 890 facili,
1784 809 2062 901 vtih'que

538 926 736 991 opera
770 903 1094 992 profecit,
1154 905 1259 968 sed
1298 905 1587 968 discendi
1643 904 2059 995 docendique

541 997 802 1060 cursum
829 998 973 1085 post
998 1000 1253 1087 aliquot
1283 997 1738 1062 hebdomadas
1767 997 2062 1064 inhibuit

540 1113 747 1178 penus
815 1093 1061 1181 nuqua.
1198 1094 1405 1156 (huus
1465 1091 1779 1179 angustus
1855 1116 2057 1181 quoq3

541 1183 867 1272 prohibiti
918 1186 1064 1249 sunt
1117 1186 1364 1264 nostri,
1419 1209 1499 1247 ne
1547 1202 1857 1272 quattuor
1895 1187 2057 1250 Bar—

542 1279 768 1354 baroe,
806 1302 968 1366 quos
1024 1281 1216 1343 Pater
1270 1280 1546 1343 Biardus
1584 1282 1648 1343 δε
1687 1280 2056 1343 Biencour-

539 1372 664 1435 tius
701 1373 769 1434 in
817 1373 1162 1436 maritimo
1226 1372 1605 1436 discrimine
1633 1425 1649 1450 ,
1711 1373 1855 1460 ipfis
1893 1374 2056 1436 Bar-

539 1465 712 1528 baris
780 1483 995 1528 ratum
1057 1482 1290 1529 votum
1353 1465 1740 1543 habetibus,
1802 1464 2059 1530 futuros

543 1557 954 1622 Christianos
990 1576 1306 1623 vouerant
1335 1611 1350 1636 ‚
1389 1560 1431 1622 fi
1468 1556 1501 1621 ὲ
1538 1559 1832 1647 praesenti
1891 1584 2055 1623 nau-

536 1651 749 1739 fragio
842 1653 1214 1716 incolumes
1308 1655 1679 1716 euaderent.
1829 1653 2059 1742 Erepti

532 1745 831 1833 periculo
868 1770 1023 1809 cum
1062 1747 1141 1810 ad
1181 1747 1475 1834 Regium
1516 1747 1794 1809 Portum
1843 1770 2052 1835 appu-

533 1838 746 1902 liffent
799 1864 1089 1917 nauem,
1152 1864 1285 1903 non
1347 1838 1473 1902 fuit
1534 1840 1600 1901 in
1663 1839 1828 1902 cella
1885 1841 2056 1904 vnde

533 1933 862 1996 alerentur
922 1934 1235 2012 Barbari,
1288 1933 1508 2022 quoad
1560 1933 1800 1995 idonea
1854 1934 2054 1997 Cate-

536 2024 710 2089 chefi
781 2025 981 2090 effent
1050 2027 1353 2105 imbuti,
1426 2049 1554 2114 qua
1640 2025 2064 2090 destitutione

533 2119 779 2183 affectis
839 2121 1030 2183 nobis
1089 2121 1182 2183 rei
1233 2121 1401 2184 bene
1454 2119 1754 2208 gerendae
1805 2121 2057 2183 occafio

531 2214 774 2300 periit,
813 2237 935 2276 nec
971 2214 1194 2301 postea
1231 2215 1445 2277 rediit.

628 2307 725 2369 IN
813 2306 1286 2370 Nouembrem
1358 2308 1499 2370 eius
1570 2306 1788 2368 saeculi
1858 2329 2065 2370 annus

532 2400 967 2464 duodecimus
996 2401 1130 2463 iam
1168 2399 1592 2489 processerat,
1632 2397 1790 2462 cum
1823 2401 2063 2487 exigua

529 2493 775 2555 cibaria
842 2493 1171 2582 superiore
1241 2494 1603 2557 Februario
1656 2494 1891 2571 allata,
1945 2509 2057 2557 aut

527 2585 824 2649 absumta
882 2588 1189 2675 penitus,
1258 2603 1369 2650 aut
1434 2585 1824 2649 tenuiffimis
1884 2589 2058 2649 arcta

526 2679 821 2766 reliquiis
907 2681 1414 2744 Biencourtium
1505 2678 1695 2743 valde
1781 2679 2060 2742 anxium

1849 2770 2063 2834 habe-
