2174 3523
567 150 658 200 22

561 311 639 374 ab
679 310 949 371 ineunte
988 303 1183 367 Iunio
1220 303 1376 365 anni
1412 301 1862 365 sexcentefimi
1886 302 2067 366 deci-

566 403 699 479 mi,
738 399 918 463 nulla
954 394 1145 486 plane
1201 395 1496 458 imbutos
1550 394 1868 458 catechefi
1897 448 1914 473 ,
1970 412 2068 459 te-

563 517 746 559 mere
776 490 1115 579 Baptismo
1139 488 1554 576 impertierat
1579 487 1830 552 Ioffaeus
1855 487 2070 552 nescio

562 588 706 676 quis
735 638 751 664 ,
819 583 913 647 sui
998 583 1290 647 muneris
1374 603 1608 669 parum
1691 582 2071 669 intelligens

564 679 856 744 sacerdos
879 730 896 755 ,
925 700 1087 740 vnus
1116 676 1459 739 dumtaxat
1491 673 2032 739 Membertouius
2053 726 2072 752 ,

567 797 687 862 pro
724 795 802 835 eo
861 785 1186 859 quantum
1249 767 1389 831 suos
1442 789 1676 830 omnes
1729 769 2075 857 populares

564 866 914 954 sagacitate
951 867 1015 929 &
1053 862 1405 951 prudentia
1461 861 1666 947 longo
1718 861 2075 925 interuallo

568 959 899 1036 anteibat,
981 956 1276 1021 sollerter
1358 953 1721 1042 dispexerat
1747 1007 1764 1032 ,
1848 954 2079 1042 quanti

566 1051 719 1117 effet
742 1105 758 1130 ,
801 1050 1259 1114 Christianum
1289 1072 1424 1112 non
1462 1046 1710 1110 censeri
1752 1048 2028 1136 quidem
2052 1099 2072 1126 ,

568 1147 675 1210 sed
711 1143 914 1233 reipsa
951 1144 1204 1208 idoneis
1260 1166 1337 1205 eo
1394 1141 1671 1204 nomine
1726 1141 2077 1230 praeditum

572 1239 870 1303 moribus
905 1238 1147 1301 viuere.
1251 1237 1337 1299 Et
1373 1232 1548 1298 certe
1605 1234 1875 1322 reliquis
1926 1256 2077 1297 om-

572 1334 763 1397 nibus
822 1333 902 1395 de
961 1331 1079 1393 illo
1139 1328 1566 1417 octogenario
1625 1327 2000 1391 belluinum
2048 1323 2083 1390 ὲ

573 1424 911 1515 Baptismo
948 1423 1218 1487 viuendi
1266 1444 1528 1485 morem
1569 1419 1885 1509 perpetuo
1921 1421 2080 1484 reti-

574 1519 881 1583 nentibus
905 1571 921 1596 ,
961 1516 1071 1580 hic
1093 1515 1261 1579 solus
1289 1531 1356 1578 vt
1383 1514 1767 1577 Christiano
1797 1515 2081 1602 dignum

573 1629 751 1690 erat,
790 1613 857 1674 in
897 1611 1105 1674 multa
1143 1610 1343 1673 etiam
1402 1609 1780 1696 ignorantia
1804 1660 1820 1686 ,
1873 1606 2080 1695 prius-

574 1729 774 1794 quam
816 1703 892 1768 eo
932 1704 1135 1768 nostri
1188 1700 1628 1779 aduenissent,
1681 1702 1885 1764 vitam
1925 1723 2080 1764 cum

575 1800 767 1863 laude
835 1798 1145 1862 traduxit.
1282 1796 1542 1859 Primus
1610 1795 1918 1857 omnium
2004 1794 2084 1857 de

577 1893 880 1957 Nouo-F
888 1891 1099 1955 rancis
1133 1889 1517 1953 salutaribus
1553 1886 1830 1976 aspersus
1859 1887 2040 1974 aquis
2066 1940 2083 1965 ,

577 2009 804 2049 earum
874 1986 1009 2047 vim
1078 1982 1595 2073 potentissimam
1665 1982 1754 2044 ita
1835 1980 2088 2045 scilicet

577 2079 740 2142 visus
777 2078 867 2142 est
904 2075 1291 2141 combibiffe
1316 2129 1331 2153 ,
1368 2092 1434 2138 vt
1487 2075 1545 2137 ei
1597 2073 1767 2137 nihil
1824 2074 2086 2161 longius

584 2171 734 2235 effet
771 2177 898 2260 qua
933 2189 999 2235 vt
1035 2194 1142 2235 eos
1198 2168 1631 2233 nacisceretur
1692 2167 2044 2254 magistros
2069 2219 2086 2244 ,

578 2289 866 2353 quorum
930 2265 1272 2353 disciplina
1331 2261 1722 2325 Christianis
1775 2260 2088 2324 institutis

579 2358 655 2422 eo
681 2358 873 2447 Vsque
897 2359 1354 2434 instrueretur,
1382 2357 1540 2419 dum
1566 2355 1839 2418 idoneus
1861 2353 2047 2417 fieret
2070 2405 2087 2431 ,

581 2454 695 2540 qui
763 2453 903 2516 suos
970 2453 1142 2515 inter
1209 2448 1554 2539 populares
1622 2447 2088 2536 Apostolicum

583 2563 807 2633 ageret
845 2547 1207 2609 doctorem.
1311 2543 1623 2606 Ardentis
1680 2540 1873 2604 huius
1926 2538 2088 2603 defi—

584 2640 743 2725 derij
807 2639 1170 2726 locupletes
1231 2635 1418 2700 testes
1457 2635 1699 2711 nostri,
1755 2633 1866 2696 has
1901 2655 2092 2696 voces

1960 2748 2095 2789 eius
