2174 3523
1521 177 1612 252 53

118 336 248 398 nici
285 336 537 423 aliquot
564 336 726 400 locis
749 337 1099 425 inscripfit,
1138 361 1321 400 oram
1348 361 1622 400 omnem

115 429 181 491 in
254 429 525 515 Anglici
593 430 826 517 sceptri
895 430 1282 517 potestatem
1345 429 1620 493 afferuit.

118 521 246 583 His
281 523 582 608 gerendis
621 524 809 584 rebus
847 520 997 585 cum
1038 524 1204 585 inibi
1243 524 1622 610 degeretur,

114 614 212 676 bis
246 615 617 701 periculum
656 616 798 677 vitae
851 616 1009 678 adiit
1064 617 1252 678 Pater
1310 616 1622 692 Biardus,

113 704 292 793 quod
342 708 567 770 multis
616 707 979 770 diffuaserat
1034 708 1311 794 Argallo
1369 709 1623 771 aditum

112 800 177 861 in
219 800 495 862 Portum
545 801 878 887 Regium,
939 816 1005 863 vt
1062 801 1302 863 nullius
1363 801 1622 863 emolu-

111 893 323 955 menti
361 916 630 980 operam
656 945 671 970 ,
710 894 894 955 cuius
930 909 1152 956 tamen
1206 898 1290 955 no
1343 894 1625 980 vulgaris

110 983 324 1047 fuiffet
374 987 612 1049 deinde
665 987 920 1073 praeda3
983 983 1161 1072 quod
1214 985 1273 1048 se
1331 986 1622 1048 indicem

110 1101 340 1140 eorum
410 1079 714 1141 locorum
774 1078 1059 1166 praebere
1114 1078 1454 1155 noluerat,
1510 1080 1624 1165 qui

10 1199 14 1202 ·
109 1171 188 1234 ad
246 1173 530 1258 praedam
587 1170 1082 1257 quaerebantur3
1143 1171 1623 1233 nonnullorum

107 1281 417 1352 praeterea
455 1265 805 1327 Gallorum
848 1263 1196 1326 calumniae
1233 1265 1308 1327 iis
1344 1264 1505 1327 locis
1557 1265 1624 1326 in

111 1380 263 1420 eum
303 1355 724 1420 exstitissent:
767 1357 1006 1444 quibus
1042 1357 1353 1420 omnibus
1403 1358 1622 1444 graui-

109 1466 204 1513 ter
240 1467 436 1537 atque
472 1450 730 1538 ingenti
766 1449 876 1512 suo
940 1449 1392 1513 discriminine
1450 1451 1625 1538 apud

109 1543 461 1630 Arga-{dum
500 1543 1039 1630 Turnellumque
1076 1542 1371 1606 offendit.

203 1638 264 1699 R
291 1659 327 1699 E
355 1659 399 1700 G
424 1659 446 1699 1
473 1659 512 1699 o
567 1637 771 1699 Portu
831 1635 1140 1722 digressus
1195 1636 1505 1723 Argallus
1556 1637 1623 1699 in

109 1729 485 1815 Virginiam
571 1730 1014 1793 contendebat
1049 1781 1066 1806 ,
1135 1730 1404 1792 ineunte
1471 1729 1621 1793 No-

108 1823 403 1899 uembri,
441 1821 1121 1885 anno-sexcentesimo
1176 1822 1440 1885 decimo
1490 1839 1622 1885 ter-

108 1915 201 1977 tio
232 1968 247 1991 ,
307 1914 413 1978 sed
472 1913 785 2003 postridie
823 1912 1021 2003 quam
1074 1915 1393 1992 soluerat,
1446 1931 1622 1978 atro-

110 2007 358 2070 ciffima
396 2008 781 2096 tempestate
820 2008 1082 2072 diuulsae
1142 2031 1337 2071 naues
1373 2009 1441 2070 in
1475 2006 1626 2096 loge

109 2101 385 2164 diuersas
438 2124 576 2164 oras
636 2101 986 2165 abierunt:
1053 2101 1312 2189 Argalli
1349 2102 1623 2188 quidem

110 2194 417 2257 Praetoria
453 2195 518 2257 in
551 2195 926 2281 Virginiam
958 2195 1226 2258 tandem
1257 2195 1345 2257 est
1377 2194 1620 2258 delata:

108 2288 328 2350 minor
363 2288 395 2350 e
434 2288 678 2350 duabus
715 2288 945 2351 nostris
984 2288 1259 2375 captiuis
1295 2311 1449 2350 cum
1504 2287 1625 2351 suis

105 2381 477 2444 vectoribus
546 2382 840 2468 nuquam
904 2382 1141 2444 deinde
1203 2381 1620 2469 comparuit:

107 2474 230 2536 alia
267 2475 525 2561 captiua
582 2475 832 2551 maior,
892 2475 998 2537 cui
1053 2474 1410 2537 Turnellus
1461 2498 1623 2562 prae-

107 2567 349 2630 fidebat
385 2620 401 2645 ,
485 2591 744 2655 quaque
811 2565 1217 2630 vehebamur
1255 2620 1271 2645 ,
1340 2567 1624 2630 sedecim

106 2661 362 2724 dierum
403 2661 896 2724 continentibus
933 2661 1237 2749 procellis
1265 2659 1438 2724 foede
1465 2685 1623 2724 vex-

1479 2770 1582 2816 ata
1611 2806 1626 2828 ‚
