2174 3523
1529 203 1633 275 45

145 380 360 440 mate,
399 363 581 426 cuius
618 362 745 426 fide
786 363 1013 425 nostrae
1072 364 1349 427 coloniae
1400 363 1642 427 Nouo-

145 457 475 530 Francicae
545 472 679 519 tota
748 457 911 518 ratio
982 457 1310 519 nitebatur
1345 509 1362 533 ,
1431 473 1496 519 vt
1564 479 1646 518 ne

144 549 516 636 praedatoris
554 571 740 610 more
765 601 780 625 ‚
817 547 921 610 sed
957 572 1142 635 aequo
1182 551 1321 611 iure
1350 601 1366 626 ,
1426 548 1643 611 nobis-

143 664 296 704 cum
335 663 527 726 agere
580 641 908 704 videretur
936 693 952 718 ,
1007 640 1376 704 Sauffae'i‘um
1417 665 1647 728 vrgere

142 732 418 810 institit,
475 734 566 796 vti
617 734 964 821 probaret,
1019 735 1200 797 cuius
1260 735 1648 797 auetoritate

65 865 70 868 -
143 826 478 888 coloniam
548 826 615 888 in
687 826 991 888 Canadiae
1059 849 1200 889 oras
1268 825 1647 890 deduxisset.

142 917 475 981 Sauffae'i'us
513 919 622 981 vbi
660 918 939 980 Gallorfi
976 919 1177 1005 Regis
1234 919 1646 981 voluntatem

140 1027 337 1098 atque
393 1011 689 1098 diploma
745 1011 1166 1088 laudauerat,
1224 1013 1404 1098 quod
1454 1011 1514 1074 se
1579 1013 1644 1074 in

138 1103 386 1166 scriniis
410 1104 826 1166 luculentum
853 1101 1097 1165 habere
1125 1105 1371 1167 diceret
1396 1157 1412 1181 ,
1438 1105 1646 1167 allatis

141 1197 376 1284 capfiS,
445 1197 626 1259 cuius
686 1197 900 1258 claues
960 1194 1178 1259 adhuc
1237 1197 1643 1274 seruauerat,

140 1287 333 1352 iuffus
370 1288 461 1352 est
495 1289 661 1351 illud
698 1311 1134 1375 expromere3
1172 1289 1277 1353 sed
1313 1291 1393 1353 ad
1430 1289 1644 1377 capsas

137 1381 247 1444 vbi
282 1397 554 1444 ventum
595 1380 724 1458 est,
781 1398 1008 1444 caetera
1065 1384 1292 1445 omnia
1343 1384 1644 1468 integra,

134 1472 386 1560 suisque
410 1474 571 1536 locis
596 1473 844 1561 digesta
869 1474 1260 1562 agnoscebat
1285 1475 1610 1539 Sauffae'i'us
1627 1528 1645 1554 ,

138 1566 435 1653 diploma
474 1582 698 1629 tamen
753 1591 885 1629 non
941 1569 1410 1656 comparebat:
1466 1570 1645 1655 quod

139 1660 249 1722 vbi
309 1659 566 1722 nullum
638 1659 1134 1747 proferebatur,
1192 1678 1336 1724 tum
1401 1663 1645 1725 Praetor

144 1752 396 1839 Anglus
463 1753 646 1815 vultu
715 1776 789 1816 ac
856 1776 1016 1816 voce
1082 1755 1160 1817 ad
1227 1754 1644 1819 seueritatem

139 1845 557 1932 compofitis,
618 1845 1049 1909 vehementer
1116 1846 1403 1921 offendi,
1465 1847 1643 1935 fugi-

139 1938 340 2014 tinS,
381 1941 444 2002 &
484 1961 698 2001 meros
735 1940 972 2026 piratas
1034 1964 1150 2003 nos
1200 1964 1430 2004 omnes
1486 1941 1643 2004 affe-

141 2054 321 2107 rere,
375 2031 611 2117 dignos
670 2055 830 2094 nece
866 2034 1256 2120 praedicare,
1296 2057 1437 2096 rem
1496 2033 1643 2097 nos-

141 2138 310 2186 tram
349 2125 551 2186 militi
574 2124 684 2187 suo
711 2126 1156 2213 diripiendam
1193 2129 1450 2190 tradere
1474 2180 1490 2205 ,
1528 2151 1647 2190 nos

140 2216 427 2303 denique
488 2215 781 2279 hostium
840 2220 989 2281 loco
1051 2218 1314 2284 habere.
1442 2221 1646 2289 Quod

138 2325 360 2371 autem
399 2308 651 2373 facinus
708 2311 915 2398 Angli
968 2313 1046 2374 ab
1099 2311 1355 2375 summa
1407 2314 1647 2376 iniuria

139 2402 344 2464 exors]
383 2402 642 2466 fuerant
670 2456 686 2480 ,
725 2405 1117 2468 videbantur
1171 2407 1423 2469 maiore
1475 2430 1643 2494 quo-

139 2518 268 2581 que
335 2496 688 2582 iniquitate
770 2500 1134 2585 pertexturi
1178 2552 1194 2576 ‚
1280 2515 1345 2562 vt
1412 2500 1648 2588 prioris

139 2610 325 2650 noxae
374 2591 777 2652 memoriam
829 2592 1188 2678 posteriore
1249 2593 1645 2669 obruerent,

139 2681 253 2743 nifi
284 2680 539 2744 mature
569 2683 766 2746 obuia
793 2686 1014 2749 iretur.
1121 2686 1344 2753 Quare
1371 2687 1649 2749 Praetore

1447 2779 1648 2842 nostri
