2174 3523
551 120 654 192 oo

546 297 839 364 maxime
878 300 1132 362 idoneis
1156 353 1172 377 ,
1235 316 1430 388 atque
1467 301 1822 367 illustribus
1857 303 2066 367 initiis

546 394 980 481 asperrimum
1035 393 1246 456 solum
1313 395 1734 482 Euangelicae
1785 396 2065 460 sementi

546 503 1030 573 praeparatum,
1098 487 1381 549 fateatur
1448 487 1704 551 neceffe
1771 491 1882 554 est.
1985 490 2064 553 In

546 579 778 666 primis
815 580 998 641 enim
1035 596 1402 684 quantum,
1442 580 1691 668 quaest),
1728 582 1894 647 illud
1931 584 2062 660 est,

543 672 822 734 belluini
858 672 1162 760 prorsus
1147 674 1394 760 lngenij
1438 692 1632 761 atque
1658 677 1859 740 moris
1895 700 2061 764 gen-

544 781 679 827 tem
706 789 970 853 ,nuper
1007 766 1085 828 ab
1117 767 1306 829 omni
1343 769 1757 831 commercio
1787 786 2073 833 externo·

544 858 1046 937 alieniffimam‚
1085 860 1162 922 ab
1188 859 1333 923 sua
1318 862 1716 948 lmpotentia
1750 861 2060 950 suspicio-

541 951 887 1030 fiffimam,
925 953 1008 1015 fic
1062 977 1239 1016 nunc
1293 952 1413 1016 efle
1475 955 1662 1018 nobis
1718 956 2060 1034 cociliata,

544 1069 616 1107 ea
654 1046 733 1108 de
769 1046 1002 1109 nostris
1041 1046 1431 1110 hominibus
1467 1049 1787 1136 opinione
1835 1049 2060 1112 imbu—

539 1154 673 1201 tam
701 1192 717 1217 ,
758 1155 822 1202 vt
859 1163 968 1202 eos
1004 1139 1264 1203 summo
1302 1142 1559 1204 ambitu
1589 1142 1871 1229 quilibet
1900 1142 2060 1205 Bar-

538 1232 776 1295 barorfi
859 1238 1176 1296 couentus
1259 1251 1521 1322 expetat
1545 1288 1561 1312 ‚
1644 1235 1712 1297 in
1779 1234 1885 1299 sua
1953 1259 2064 1299 ora

542 1325 964 1388 domicilium
1023 1325 1267 1390 habere
1319 1329 1578 1415 cupiat,
1636 1329 1716 1391 de
1769 1328 1892 1392 suis
1947 1353 2061 1393 co-

540 1419 735 1506 piolis
771 1442 985 1482 annua
1024 1420 1269 1482 cibaria
1307 1420 1599 1499 deferat,
1650 1444 1937 1485 moerore
1987 1446 2062 1486 ac

539 1510 696 1574 fletu
754 1511 942 1575 suum
1006 1537 1238 1576 eorum
1297 1514 1690 1578 desiderium
1752 1515 2059 1594 testetur,

539 1606 950 1693 implacabili
1019 1607 1174 1670 odio
1236 1608 1304 1669 in
1367 1608 1756 1685 Britann05‚
1832 1608 2061 1672 nostrae

540 1697 808 1761 infestos
831 1700 1080 1787 quieti,
1120 1698 1410 1764 feratur?
1498 1701 1834 1789 Magnum
1861 1703 2059 1789 quid-

540 1793 692 1855 dam
728 1792 1027 1881 profecto
1066 1793 1195 1872 est,
1258 1797 1321 1857 &
1376 1795 1666 1881 ingentis
1719 1795 1799 1858 ad
1859 1794 2060 1859 fidem

536 1885 664 1948 illis
692 1887 930 1950 animis
953 1888 1474 1982 ingenerandam
1503 1890 1836 1952 momenti
1864 1912 2061 1976 ,erga

535 1979 710 2042 illius
745 2003 1075 2067 praecones
1112 1998 1247 2044 tam
1284 1981 1600 2086 propensa
1636 1980 1792 2044 ferri
1820 1982 2057 2045 volun-

537 2089 707 2150 tate,
792 2073 1074 2151 fiducia,
1160 2078 1223 2139 δε
1307 2076 1749 2139 veneratione.
1885 2076 2059 2139 Illud

534 2126 759 2228 autein
797 2168 1081 2230 alterum
1112 2165 1310 2255 longe
1342 2169 1549 2231 maius
1579 2169 1669 2230 est
1692 2221 1708 2246 ‚
1740 2165 2058 2256 tantoque

535 2260 614 2322 ad
652 2260 1094 2324 Barbarorum
1143 2262 1558 2324 efficiendam
1609 2261 1884 2325 salutem
1939 2285 2059 2349 po-

541 2354 816 2431 tentius,
843 2353 1091 2441 quanto
1111 2356 1386 2418 alienius
1406 2354 1495 2417 est
1513 2355 1591 2416 ab
1611 2353 2060 2418 humanarum

538 2445 967 2509 affectionum
1006 2450 1293 2526 ratione,
1334 2447 1704 2535 diuinisque
1733 2448 2055 2511 motioni-

538 2538 655 2600 bus
691 2542 1040 2628 proprium
1080 2542 1310 2628 magis.
1416 2538 1569 2604 Alte
1624 2542 1759 2603 iam
1821 2541 2059 2604 insedit

539 2633 996 2696 Canadiorum
1028 2636 1265 2698 animis
1290 2635 1402 2697 illa
1427 2634 1778 2712 sententia,
1808 2635 2063 2697 aeternis

1841 2727 2062 2790 addici
