2174 3523
1482 230 1574 302 31

87 407 237 455 runt
257 418 271 467 ;
294 407 358 453 vt
376 390 703 477 postrema
722 389 1122 454 refutatione
1139 391 1218 454 ad
1235 388 1585 452 infantiam

85 485 343 547 adae'tus
381 483 711 547 Imbertus
748 483 824 546 eb
861 485 1202 547 deueniret
1225 535 1241 560 ,
1279 499 1344 545 vt
1383 505 1584 545 excu-

82 576 287 639 sandae
313 598 497 638 noxae
519 577 725 663 gratia
749 576 1044 664 profiteri
1069 599 1200 638 non
1225 590 1588 652 vereretur,

85 668 201 732 fibi
268 668 536 754 largiter
605 669 974 732 temulento
1042 669 1181 731 illas
1248 667 1587 730 aduersum

85 784 203 824 nos
238 760 600 823 calumnias
647 759 980 824 excidisse.
1083 761 1617 832 Biencourtium‘

87 854 324 916 aeriter
374 870 742 940 pupugerat
793 853 1108 929 nunciuS,
1170 876 1303 939 quo
1359 851 1588 914 affere-

86 946 277 1008 batur
301 998 318 1023 ,
356 947 556 1008 etiam
587 945 848 1008 conscio
880 962 1144 1031 parente
1172 945 1282 1007 suo
1323 946 1589 1007 Potrin-

88 1039 343 1101 courtio
373 1090 389 1115 ,
469 1037 774 1101 vniuersae
841 1037 1055 1101 Nouae
1125 1037 1414 1099 Franciae
1498 1038 1593 1099 ius

87 1132 581 1218 imperiumque
631 1127 665 1192 a
702 1131 1001 1193 maximo
1054 1152 1249 1192 amne
1301 1126 1593 1216 Sacque'o

87 1225 167 1286 ad
251 1224 591 1286 Floridam
623 1276 640 1301 ‚
726 1224 931 1286 Portu
1017 1223 1235 1309 Regio
1319 1223 1545 1284 demto
1576 1274 1593 1298 ‚

96 1315 597 1380 Guercheuillaeae
695 1317 912 1402 Regio
1014 1315 1382 1402 diplomate
1473 1313 1594 1377 effe

89 1407 414 1472 c6ceffum
453 1406 758 1495 eidemq3
797 1406 830 1470 a
869 1409 1173 1471 Domino
1204 1408 1283 1471 de
1320 1407 1593 1484 Μοηῖε,

87 1501 412 1589 quidquid
451 1501 736 1564 Henrici
764 1502 998 1587 Qarti
1033 1500 1359 1564 beneficio
1391 1523 1597 1588 nuper

88 1597 155 1658 in
187 1594 415 1657 eadem
447 1617 559 1656 ora
587 1593 950 1682 poffediffet
977 1646 993 1671 ,
1034 1595 1099 1657 id
1129 1617 1331 1656 omne
1360 1593 1596 1656 tabulis

86 1685 350 1776 publice
433 1688 824 1774 confignatis
907 1685 1028 1750 effe
1110 1686 1595 1774 transcriptum.

90 1783 317 1867 Atque
340 1833 356 1857 ‚
393 1796 461 1842 vt
490 1804 622 1843 non
652 1796 951 1868 putaret,
983 1778 1120 1842 haec
1152 1779 1340 1842 nobis
1369 1784 1594 1844 3υὲὶο-

90 1873 267 1937 ribus
303 1872 479 1960 gesta
536 1872 700 1951 effe,
762 1873 1034 1960 perinde
1095 1888 1321 1935 tamen
1375 1869 1596 1960 postea

89 1968 158 2029 in
226 1989 341 2028 nos
409 1964 677 2028 affectus
736 1966 861 2028 fuit
890 2019 906 2043 ,
963 1966 1136 2052 quafi
1198 1964 1594 2029 credidiffet.

92 2057 635 2122 Guercheuillaeae
671 2059 943 2147 quidem
984 2082 1202 2135 menS,
1241 2057 1368 2121 fuit
1404 2058 1598 2121 huius

88 2153 494 2240 principatus
528 2151 621 2214 sui
659 2152 1026 2215 reuerentia
1051 2204 1067 2229 ,
1126 2151 1303 2214 velut
1339 2153 1598 2239 potenti

90 2244 280 2308 freno
342 2245 585 2308 iniefto
615 2297 630 2322 ‚
694 2245 1279 2308 Biencourtiorum
1340 2260 1596 2307 Vtrum-

89 2362 218 2426 que
241 2389 257 2414 ,
295 2354 553 2425 patrem
593 2341 656 2402 &
693 2338 907 2400 filium
934 2389 951 2414 ,
989 2337 1143 2400 fidei
1180 2335 1494 2401 haetenus
1529 2338 1596 2400 in

89 2454 207 2495 nos
272 2452 504 2517 parum
576 2431 869 2507 fincerae,
955 2431 1298 2517 animique
1382 2431 1600 2493 minus

88 2523 300 2612 grati,
367 2522 478 2586 suo
545 2525 611 2586 in
683 2524 902 2586 officio
971 2523 1356 2600 continere3
1428 2521 1599 2586 nihil

88 2633 310 2680 autem
350 2616 430 2679 de
466 2615 952 2704 Porturegienfi
989 2617 1129 2679 iure
1182 2616 1327 2703 ipfis
1383 2616 1598 2679 detra-

87 2708 265 2774 here.
368 2710 490 2773 Sed
525 2709 617 2772 sui
655 2711 867 2772 nimio
904 2709 1048 2797 plus
1076 2726 1368 2772 amantes
1396 2707 1598 2772 hom-

1467 2826 1602 2864 mes
