2174 3523
540 199 633 272 32

537 359 676 421 ines
711 356 994 419 alienam
1055 355 1122 419 in
1174 378 1242 419 re
1300 356 1563 444 propria
1619 359 1999 422 cautionem
2031 411 2048 436 ,

536 450 715 513 suam
785 450 1101 513 iniuriam
1156 449 1797 538 interpretabantur:
1874 449 2051 538 quod

538 559 763 606 tamen
818 566 915 606 res
975 543 1051 605 iis
1112 541 1263 606 effet
1323 542 1593 629 angusta
1649 545 1873 622 domi,
1930 568 2052 608 nec

534 636 832 700 viderent
868 636 1039 699 vnde
1077 634 1498 699 commodius
1535 636 1698 699 cella
1736 637 2048 702 Porture-

533 730 766 816 gienfis
803 729 1034 792 instrui
1070 727 1275 817 posset
1301 782 1318 807 ,
1356 726 1553 816 quam
1589 726 1624 791 ὲ
1652 729 2048 794 Guercheu-

535 823 699 886 illaea
735 823 801 886 in
840 822 1119 910 gratiam
1158 821 1534 886 nostrorum
1597 823 1869 886 Patrum
1896 876 1913 901 ,
1969 848 2050 887 ne

535 915 660 979 hac
697 939 960 979 annona
1019 916 1441 994 exciderent,
1498 915 1686 979 suum
1747 916 2050 980 dolorem

535 1010 719 1073 taciti
757 1009 1285 1097 concoquebant.
1412 1008 1817 1073 Nostrorum
1855 1007 2046 1073 facil-

534 1102 695 1165 lima
732 1101 858 1166 fuit
910 1103 1082 1191 apud
1136 1103 1644 1166 Biencourtium
1697 1103 2049 1190 purgatiO,

534 1219 734 1283 quam
788 1219 944 1282 cum
995 1194 1338 1283 accepisset
1399 1197 1464 1258 in
1517 1194 1890 1278 praesentia,
1945 1220 2049 1260 re·-

534 1290 904 1353 conciliatis
955 1290 1194 1352 animis
1256 1289 1473 1352 Patres
1532 1290 1611 1352 ad
1671 1289 2050 1353 institutum

539 1383 959 1447 Canadienfis
997 1383 1336 1446 idiomatis
1373 1381 1793 1445 condiscendi
1855 1405 2047 1471 mag-

535 1476 632 1539 nis
669 1477 907 1539 animis
945 1475 1180 1539 reuersi
1217 1475 1362 1538 sunt
1389 1528 1405 1553 ,
1460 1476 1713 1563 partitis
1765 1476 1938 1539 inter
1988 1475 2051 1540 se

533 1569 897 1658 prouinciis
920 1621 936 1646 ,
966 1585 1032 1632 vt
1071 1569 1261 1631 Pater
1301 1568 1598 1632 Massaeus
1627 1569 1705 1631 ad
1745 1569 2047 1632 Ludoui-

535 1686 690 1726 cum
721 1662 1303 1726 Membertouium
1324 1713 1340 1739 ,
1373 1662 1659 1725 Henrici
1682 1662 1813 1724 vita
1835 1660 2051 1726 functi

534 1757 751 1820 filium
775 1809 791 1834 ,
830 1756 966 1819 eius
1002 1756 1096 1818 rei
1133 1754 1317 1818 causa
1354 1755 1799 1842 demigraret;
1853 1756 2049 1818 Pater

537 1851 810 1913 Biardus
891 1848 1285 1936 magistrum
1354 1848 1489 1911 eius
1557 1849 1797 1935 linguae
1863 1848 2050 1911 domi

536 1943 901 2006 Barbarum
940 1942 1055 2005 fibi
1093 1941 1460 2005 adhiberet.
1566 1942 1741 2004 Patri
1773 1939 2048 2004 Maffaeo

534 2038 612 2099 ad
650 2037 867 2100 Sancti
907 2036 1175 2098 Ioannis
1204 2034 1453 2098 flumen
1478 2035 1650 2122 apud
1680 2032 2046 2122 hospitem,

535 2153 687 2193 cum
729 2128 1139 2192 adolescente
1178 2128 1375 2191 Gallo
1411 2128 1587 2190 socio
1624 2128 1929 2214 degenti,
1966 2151 2050 2191 ex

535 2224 842 2286 diuturna
926 2222 1147 2285 inedia
1175 2274 1191 2299 ‚
1277 2225 1340 2285 &
1425 2221 1819 2285 Nomadicae
1901 2221 2047 2283 vitae

535 2316 1029 2379 continentibus
1047 2314 1538 2392 vexationibuS,
1564 2315 1807 2377 accidit
1831 2314 2049 2400 grauis

534 2410 874 2497 aegrotatio
900 2461 915 2486 ‚
955 2432 1081 2496 qua
1119 2424 1378 2471 tantum
1420 2431 1551 2469 non
1592 2405 1930 2471 confectus
1965 2407 2046 2470 ad

533 2504 764 2565 Vltima
802 2503 1251 2579 delaberetur,
1289 2502 1460 2564 inter
1488 2524 1690 2587 quem
1729 2499 2045 2563 morbum

535 2596 1043 2659 Membertouio
1082 2618 1235 2658 cum
1284 2592 1538 2682 hospite
1576 2595 1769 2656 Patre
1805 2592 2047 2656 accidit

533 2689 812 2752 ridicula
896 2686 1087 2776 plane
1117 2741 1132 2765 ,
1219 2711 1293 2750 ac
1364 2687 1704 2749 Canadico
1773 2686 2046 2773 ingenio

1850 2779 2048 2865 digna
