2174 3523
539 156 632 228 28

540 338 691 402 effet
728 337 1046 425 vectigal,
1085 335 1215 424 quo
1252 338 1470 425 plures
1506 336 1572 399 in
1614 337 1749 401 dies
1784 360 2048 401 annona

536 431 877 494 sufficeret.
981 431 1396 494 Demensum
1451 430 1655 517 igitur
1705 429 2049 494 cuiussibet

538 523 570 586 ὲ
626 523 921 600 familia,
984 525 1050 586 in
1113 546 1450 610 quamque
1510 521 2046 602 hebdomadam,

537 618 612 680 ad
664 618 860 680 denas
913 617 1097 704 panis
1157 617 1414 694 vncias,
1477 616 1640 679 lardi
1697 616 2047 695 selibram,

536 710 650 800 pisi
676 727 786 773 aut
810 708 970 772 fabae
995 726 1204 773 ternas
1228 710 1524 772 scutellas
1548 761 1563 786 ,
1595 712 1658 773 &
1680 732 2048 798 prunorum

536 826 732 868 vnam
774 803 1059 890 denique
1110 804 1411 867 redierat.
1513 803 1738 890 Atque
1790 803 2046 867 tametfi

539 896 794 960 familia
862 895 1154 959 Vniuersa
1215 920 1292 960 eo
1353 911 1736 959 commeatu
1765 948 1782 973 ,
1843 919 2045 983 quern

538 988 835 1053 nostrum
862 987 894 1052 ὲ
925 990 1144 1053 Gallia
1173 990 1772 1078 importaueramus
1794 1041 1811 1067 ,
1840 990 2047 1053 vitam

539 1081 898 1161 tolerabat,
961 1082 1132 1146 nihil
1174 1083 1360 1146 nobis
1414 1079 1786 1160 liberaliuS,
1847 1078 2046 1170 quam

538 1177 749 1240 cuiuis
785 1177 865 1239 de
903 1176 1243 1240 calonibus
1272 1199 1349 1239 eo
1378 1192 1680 1263 tempore
1709 1176 2047 1239 indultum

538 1270 668 1349 est,
707 1293 920 1357 neque
970 1286 1037 1333 vt
1086 1270 1575 1357 indulgeretur,
1632 1269 2049 1358 optauimUS,

539 1387 947 1451 quamquam
1005 1363 1248 1427 nebulo
1310 1363 1621 1450 quidam,
1689 1362 1929 1451 scripto
1981 1362 2047 1425 in

542 1458 762 1521 Gallia
800 1457 978 1520 edito
1004 1509 1019 1534 ,
1061 1480 1192 1520 non
1232 1456 1324 1520 est
1350 1456 1591 1519 veritus
1630 1456 1840 1519 multa
1875 1454 2051 1519 secus

539 1575 654 1640 per
676 1550 1004 1613 summam
1033 1550 1522 1639 impudentiam
1549 1552 1612 1614 &
1642 1549 2050 1613 calumniam

540 1643 983 1709 diffeminare.
1086 1644 1194 1707 Ad
1230 1665 1485 1706 nonum
1523 1643 1823 1706 calendas
1874 1642 2050 1705 Feb-

541 1738 819 1814 ruariaS,
888 1738 1044 1800 anni
1103 1736 1554 1800 sexcentefimi
1622 1735 2052 1813 duodecimi,

542 1846 896 1895 tenuerunt
952 1831 1357 1894 cibariorum
1426 1829 1776 1917 angustiae,
1845 1851 2048 1915 quem

541 1926 620 1989 ad
657 1925 838 1988 diem
875 1925 941 1986 in
981 1924 1258 1987 Portum
1317 1924 1610 2011 Regium
1666 1923 1927 1986 inuecta
1962 1920 2055 1984 est

545 2019 728 2082 nauis
764 2041 919 2081 cum
958 2017 1284 2080 mediocri
1335 2017 1701 2081 admodum
1754 2037 2053 2092 annona,

546 2112 861 2176 Dominae
899 2109 1441 2174 Guercheuillaeae
1475 2109 1799 2172 sumtibus
1835 2123 2052 2185 emta,

546 2209 609 2270 &
671 2203 1047 2268 transmissa.
1152 2204 1352 2266 Mille
1407 2225 1632 2266 aureos
1694 2224 2009 2264 nummos
2037 2253 2054 2278 ,

545 2323 627 2363 ex
663 2302 854 2387 pacto
902 2297 1226 2361 societatis
1264 2321 1418 2360 cum
1476 2295 1772 2359 Robinio
1812 2297 1875 2359 &
1927 2295 2051 2357 Pa-

545 2392 751 2456 tribus
805 2391 1318 2454 Canadienfibus
1369 2390 1583 2466 initae,
1645 2388 2058 2451 contributos

546 2484 684 2548 haec
721 2486 826 2572 pia
882 2500 1182 2547 matrona
1236 2498 1698 2547 numerauerat
1756 2481 2055 2544 Roberto

547 2580 633 2642 du
670 2577 853 2641 Thet
881 2630 896 2655 ,
937 2576 1122 2641 fratri
1154 2577 1407 2653 nostr0‚
1438 2575 1822 2639 coemendis
1852 2571 2054 2637 trans-

547 2671 1018 2758 mittendisque
1080 2669 1561 2757 Porturegienfi
1616 2666 2055 2731 contubernio

1753 2759 2054 2836 cibariis;
