2174 3523
1485 205 1575 278 23

87 372 222 434 eius
296 394 377 434 ex
444 394 555 433 ore
620 367 1062 458 saepenumero
1129 381 1533 455 exceperunt
1564 391 1579 428 ε

92 464 214 527 Per
271 464 494 539 Deum
551 463 1048 537 immortalem,
1105 462 1252 524 date
1313 481 1582 547 operam

87 557 343 632 PatreS,
397 554 692 618 nostrum
730 572 797 617 vt
831 556 1081 619 idioma
1117 554 1302 616 breui
1340 549 1583 640 perdis-

88 648 283 725 catiS,
345 647 437 710 vti
491 648 673 710 vobis
734 648 1111 711 doctoribus
1165 645 1339 721 vsus,
1401 643 1585 707 ficuti

86 763 197 804 vos
233 739 418 816 estiS,
479 764 602 827 ego
658 763 925 826 quoque
984 739 1459 813 concionator,
1521 739 1585 800 δε

87 833 370 896 docendi
408 832 716 919 magister
754 833 988 908 euada,
1021 827 1367 917 nostraque
1421 852 1584 892 con-

85 926 304 989 iuncta
340 949 536 1012 opera
588 924 1178 988 Nouo-Francoru
1228 946 1386 1010 gens
1440 922 1584 984 vni-

89 1018 264 1081 uersa
331 1019 409 1081 ad
473 1015 816 1080 Christum
878 1017 1276 1079 traducatur.
1381 1014 1587 1077 Hunc

88 1112 304 1174 virum
337 1163 353 1187 ,
420 1110 530 1172 vix
597 1109 984 1196 quindecim
1055 1108 1422 1184 menfibuS,
1508 1129 1588 1168 ex

87 1227 219 1291 quo
242 1204 309 1266 in
338 1201 871 1265 Christianorum
902 1223 1253 1264 numerum
1287 1216 1587 1275 venerat,

88 1295 539 1384 superstitem,
574 1295 796 1382 paucis
824 1294 1051 1358 diebus
1080 1292 1296 1356 nostra
1325 1291 1585 1354 institu—

88 1390 270 1452 tione
328 1386 813 1465 informatum,
879 1387 1100 1449 multae
1159 1402 1389 1448 tamen
1444 1382 1590 1447 vere

91 1481 454 1545 Christiani
491 1503 564 1543 ac
600 1480 686 1568 pij
726 1480 935 1543 animi
973 1480 1241 1542 virtutes
1264 1478 1588 1541 illustrem

89 1573 418 1649 fecerant3
503 1596 704 1660 quam
788 1573 1034 1636 scilicet
1115 1588 1251 1635 tam
1320 1571 1589 1633 vberem

89 1666 352 1755 frugem
390 1666 745 1753 fingulares
779 1666 999 1770 probae
1035 1663 1274 1727 indolis
1311 1664 1537 1727 dotes
1523 1687 1588 1726 ιη

90 1784 166 1823 eo
197 1783 444 1848 nuper,
479 1760 703 1846 patriis
732 1760 931 1822 etiam
963 1758 1258 1820 moribus
1284 1757 1591 1833 viuente,

88 1851 556 1940 praesagierant.
680 1851 1012 1915 Omnium
1073 1849 1589 1938 prouincialium

90 1945 472 2008 testimonio
496 1961 878 2032 ,quotquot
917 1944 1144 2007 multis
1179 1940 1327 2006 ante
1351 1942 1592 2005 saeculis

89 2037 444 2101 floruerant
469 2090 485 2115 ,
571 2040 881 2125 Sagamos
948 2035 1059 2099 hic
1141 2059 1301 2098 vnus
1383 2035 1593 2098 animi

87 2133 326 2194 robore
349 2183 365 2207 ,
394 2132 682 2194 muneris
712 2131 1017 2193 militaris
1044 2129 1313 2192 scientia
1338 2181 1353 2206 ,
1381 2129 1589 2191 clien-

89 2225 368 2287 telarum
468 2225 899 2287 multitudine
934 2275 950 2300 ,
1036 2219 1537 2308 frequentiaque
1573 2273 1589 2298 ,

86 2317 384 2405 potentia
408 2369 424 2393 ,
462 2319 526 2380 &
562 2317 826 2404 gloriosi
865 2315 1155 2379 nominis
1198 2315 1593 2378 claritudine

87 2411 260 2473 inter
342 2408 482 2472 suos
509 2462 526 2487 ,
611 2427 805 2497 atque
887 2408 1051 2496 ipsos
1119 2406 1335 2470 hostes
1401 2405 1593 2470 facile

86 2502 434 2590 superauit.
507 2504 732 2571 Quem
754 2501 1152 2566 celebritatis
1175 2500 1590 2589 splendorem

84 2611 482 2684 perpetuum
523 2619 653 2659 non
690 2596 949 2684 potuit,
989 2594 1189 2658 etiam
1227 2594 1400 2657 inter
1431 2594 1591 2656 Bar-

83 2690 271 2752 baros
296 2741 312 2765 ‚
352 2689 534 2751 nulla
569 2690 759 2753 vllius
795 2689 888 2752 rei
925 2687 1222 2751 doctrina
1257 2687 1551 2750 imbutos
1576 2738 1591 2762 ‚

1240 2778 1591 2866 consequi,
