2174 3523
1515 185 1614 280 65

116 364 440 428 infantem
473 364 807 452 Baptismo
838 364 986 428 effet
1011 366 1410 430 lustraturuS.
1503 369 1622 430 In-

116 458 301 544 genti
338 480 620 527 moerore
679 459 962 544 percitus
1017 459 1332 522 Barbarus
1390 483 1620 523 vocem

117 551 382 612 mittere
466 573 594 612 non
682 551 898 637 potuit
927 603 942 626 ‚
1027 551 1130 614 sed
1199 553 1488 639 deposito
1556 554 1622 615 in

116 643 499 729 postulantis
535 643 837 704 manibus
873 666 1077 728 puero
1102 696 1117 720 ,
1172 644 1370 731 reipsa
1396 698 1410 721 ‚
1465 647 1624 732 quid

117 752 421 820 cuperet,
462 735 764 796 ostendit.
872 735 1059 797 Pater
1097 759 1331 821 aquam
1386 738 1621 825 popos—

115 828 248 903 cit,
335 828 765 914 puellumque
838 827 1118 889 Mottaeo
1187 829 1625 892 ardentiffime

115 919 482 1007 suscipienti
535 920 895 982 tenendum
953 922 1186 997 tradit,
1249 921 1625 986 salutaribus

115 1014 298 1099 aquis
374 1013 693 1099 aspergit,
780 1011 1141 1074 Nicolaum
1214 1015 1292 1076 de
1364 1014 1625 1078 Mottaei

117 1107 386 1167 nomine
423 1105 744 1192 appellat,
800 1123 1118 1192 concepta
1173 1130 1445 1193 precum
1484 1106 1621 1170 for-

117 1199 294 1260 mula
335 1198 635 1259 Barbaris
673 1197 850 1258 lume
881 1199 957 1259 ad
996 1198 1148 1261 fidei
1187 1200 1625 1285 agnoscendas

115 1292 411 1377 ingentes
450 1312 602 1376 opes
638 1313 670 1350 a
710 1291 856 1351 Deo
888 1310 1211 1376 plecatur.
1314 1293 1441 1355 Sub
1479 1316 1624 1355 eam

118 1385 567 1470 precationem
610 1401 949 1469 receptum
994 1385 1072 1445 de
1111 1384 1372 1446 Mottaei
1410 1387 1623 1448 mani—

112 1477 228 1538 bus
265 1473 588 1537 infantem
627 1477 823 1537 matri
863 1477 997 1538 eius
1034 1477 1326 1564 praesenti
1371 1477 1624 1555 defert,

114 1586 322 1631 mater
360 1567 498 1630 filio
538 1591 907 1630 mammam
946 1569 1262 1632 continub
1300 1572 1624 1658 porrigit,

114 1685 272 1748 puer
310 1661 598 1723 oblatam
640 1659 873 1748 cupide
927 1664 1194 1748 arripit,
1251 1664 1347 1726 lac
1401 1665 1479 1726 ad
1531 1663 1624 1726 sa-

113 1755 407 1816 tietatem
480 1753 697 1816 haurit
727 1807 741 1830 ‚
813 1773 1007 1840 atque
1077 1757 1384 1843 deinceps
1442 1756 1625 1820 sanus

113 1843 505 1934 vegetusque
598 1848 778 1909 vixit.
916 1848 1262 1931 Vniuersus
1354 1851 1623 1912 interim

114 1941 556 2002 Barbarorum
586 1992 602 2016 ,
641 1941 752 2026 qui
792 1941 1311 2004 circumsteterat
1340 1995 1355 2018 ,
1392 1942 1625 2029 globus

112 2034 202 2095 rei
243 2031 416 2095 haud
453 2032 685 2094 vfitatae
716 2032 964 2095 defixus
997 2035 1322 2097 miraculo
1348 2087 1362 2111 ,
1404 2051 1620 2122 petra-

113 2149 260 2188 rum
301 2125 497 2188 instar
535 2127 892 2202 immotuS,
948 2149 1019 2188 ac
1058 2128 1291 2189 tacitus
1343 2126 1625 2193 haerebat

111 2221 176 2281 in
238 2218 533 2305 vestigio,
655 2219 762 2280 Ad
823 2241 930 2280 eos
989 2220 1192 2305 igitur
1253 2221 1334 2283 fic
1396 2223 1624 2285 animo

111 2328 526 2398 comparatos
565 2311 780 2372 noster
809 2364 822 2386 ,
863 2335 1000 2397 quae
1039 2312 1162 2374 visa
1198 2313 1341 2376 sunt
1378 2315 1445 2376 in
1481 2338 1621 2377 rem

111 2404 490 2492 praesentem
548 2405 866 2490 quadrare
895 2457 910 2480 ,
973 2405 1166 2466 verba
1228 2405 1425 2483 fecit,
1488 2431 1625 2494 quae

113 2498 318 2560 auidis
389 2498 722 2558 mentibus
791 2497 1142 2560 hauserunt
1167 2551 1182 2574 ‚
1261 2516 1456 2586 atque
1516 2503 1625 2565 vbi

108 2606 564 2678 perorauerat‚
624 2589 792 2651 iuffit
841 2590 1125 2677 fingulos
1163 2592 1228 2654 in
1268 2595 1529 2680 tuguria
1564 2595 1624 2659 se

111 2684 419 2770 recipere.
524 2682 636 2744 Vti
673 2684 1121 2746 venerabundi
1159 2707 1232 2747 ac
1270 2702 1626 2752 trementes

105 2784 109 2787 ’
1493 2783 1627 2846 eius

716 2868 731 2911 I
