2174 3523
537 148 642 216 44

541 304 936 366 secundante
975 320 1170 366 vento
1206 318 1558 369 vterentur.
1659 306 1780 369 Sed
1811 305 2044 394 explo-

543 413 681 458 rato
721 394 890 457 nihil
927 394 1052 458 fuit
1091 419 1251 484 opus
1276 449 1291 473 ,
1354 396 1684 460 clafficum
1741 414 2047 462 canentes

542 486 1070 566 inuehebantur,
1109 490 1236 552 tela
1285 505 1548 553 eatenus
1604 489 1807 555 modo
1863 489 2045 554 inhi-

541 583 806 658 benteS,
846 583 932 644 du
970 605 1041 644 ea
1079 606 1159 646 ex
1195 584 1576 670 propinquo
1613 583 1841 648 liceret
1877 584 2043 647 adii-

541 698 727 750 cere3
780 691 976 762 atque
1030 675 1194 764 ipsos
1232 677 1413 739 nauis
1451 674 1814 741 defensores
1868 677 2047 764 sigil-

539 768 723 831 latim
788 767 1129 833 destinare.
1235 770 1793 838 Quattuordecim
1845 793 2044 858 gran-

543 861 837 924 dioribus
937 864 1287 926 tormentis
1327 916 1343 940 ,
1445 863 1792 947 catapultis
1893 861 2046 926 vero

542 955 811 1017 maioris
851 956 1076 1033 modi,
1140 958 1497 1044 Mqsquetos
1550 973 1811 1034 vocant,
1863 956 2044 1020 sexa-

541 1049 757 1135 genis,
778 1048 1036 1136 impetu
1055 1047 1228 1113 facto
1250 1052 1314 1113 in
1342 1049 1686 1137 nauigium
1715 1049 2007 1112 nostrum
2028 1101 2045 1127 ,

541 1164 675 1204 non
706 1141 968 1204 sublatis
992 1141 1299 1206 anchoris
1323 1143 1402 1206 ad
1429 1144 1618 1205 motu
1641 1141 2045 1220 inhabilem,

541 1235 772 1297 decem
795 1233 998 1297 modo
1015 1236 1614 1324 propugnatoribus
1632 1235 2046 1313 instructum,

540 1351 852 1390 aerearum
931 1352 1292 1392 cannarum
1359 1329 1619 1392 absente
1687 1329 2044 1406 libratore,

541 1445 674 1483 non
716 1422 938 1484 multae
974 1445 1185 1509 operae
1220 1421 1346 1486 fuit
1382 1423 1595 1500 illius,
1647 1438 1844 1509 atque
1895 1445 2046 1484 om-

542 1515 728 1576 nium
769 1513 1063 1577 nostrum
1103 1517 1548 1604 expugnatiO,
1587 1539 1749 1603 quos
1783 1516 1851 1578 in
1881 1538 2044 1578 con-

542 1608 795 1671 tinente
833 1607 1158 1672 Sauffaei'us
1202 1609 1604 1672 distinuerat.
1708 1609 2050 1672 Gilbertus

542 1702 625 1764 du
665 1700 847 1764 Thet
886 1701 1103 1765 noster
1156 1719 1719 1790 propugnatorem
1774 1702 1841 1764 in
1896 1703 2048 1765 naui

539 1794 773 1881 agebat
810 1847 826 1872 ,
908 1792 1060 1858 curn
1132 1797 1210 1858 ab
1281 1795 1576 1859 hostibus
1642 1792 2051 1858 funestarum

542 1888 888 1975 glandium
928 1889 1277 1978 tempestas
1329 1886 1620 1952 maxime
1673 1890 2049 1975 ingrueret,

544 2005 671 2068 qua
732 1982 799 2044 in
855 1984 1145 2069 procella
1203 1981 1526 2046 confoffus
1583 1982 1761 2045 letali
1815 1982 2048 2070 plaga,

543 2074 839 2162 chirurgi
914 2077 1122 2163 Angli
1194 2075 1533 2139 Catholici
1619 2075 1827 2137 multa
1896 2072 2051 2138 licet

543 2168 889 2255 diligentia
941 2188 1239 2247 curatuS,
1291 2169 1603 2257 postridie
1660 2169 2046 2230 Sacramen-

544 2278 764 2323 torum
829 2280 1208 2350 opportuno
1264 2262 1492 2325 solatio
1551 2262 1841 2338 adiutuS‚
1893 2261 2046 2324 reli-

543 2354 716 2441 giosa
744 2373 960 2418 morte
985 2357 1318 2419 occubuit.
1423 2355 1567 2418 Nos
1591 2353 1742 2417 vero
1767 2355 2048 2417 vniuersl

543 2449 607 2510 in
634 2448 1024 2535 potestatem
1056 2450 1374 2512 Haeretici
1402 2449 2048 2534 AngliveneramUS,

541 2543 655 2627 qui
725 2558 790 2604 vt
861 2560 996 2605 erat
1065 2543 1405 2629 infigniter
1475 2541 1760 2604 versutus
1789 2594 1805 2618 ,
1875 2541 2049 2602 clam

537 2633 853 2698 subducto
892 2660 971 2698 ex
1010 2635 1278 2721 Sauffaeij
1322 2635 1518 2722 capfis
1559 2635 1776 2722 Regio
1828 2633 2048 2721 diplo-

1834 2743 2012 2789 mate
2036 2779 2051 2803 ,
