2174 3523
1514 188 1600 234 II

102 345 383 407 modum
420 346 750 432 praemiffis
787 346 1108 434 capitibus
1132 398 1147 422 ‚
1188 368 1328 432 quae
1356 345 1604 432 alioqui

102 453 432 499 moratura
470 455 652 501 erant
689 438 1054 501 institutam
1107 461 1325 501 rerum
1385 461 1602 500 narra-

101 530 351 593 tionem
378 581 394 606 ,
451 531 530 593 ad
563 530 919 617 susceptam
957 528 991 592 a
1029 531 1324 593 Patribus
1377 529 1605 593 nostris

105 622 508 684 Canadicam
571 624 1067 710 expeditionem
1130 623 1370 709 stylum
1440 646 1602 685 con-

101 711 406 777 feramuS.

197 806 718 870 Potrincourtius
758 808 947 894 Regij
993 809 1223 870 Portus
1261 807 1600 870 castellum

101 894 134 960 a
169 898 446 961 domino
484 900 564 962 de
601 900 835 962 Monts
872 900 988 961 fibi
1026 900 1202 962 dono
1233 900 1460 962 datum
1486 952 1502 977 ,
1529 923 1606 962 eo

102 990 236 1078 ipso
268 1008 569 1079 tempore
591 1044 608 1069 ,
646 1014 779 1078 quo
805 992 1214 1054 condebatur
1237 1043 1253 1068 ,
1290 992 1368 1054 ab
1404 992 1599 1055 Hen-

101 1084 239 1146 rico
310 1086 567 1152 Quarto
634 1084 958 1171 petiuerat
986 1136 1002 1161 ,
1073 1106 1149 1145 eo
1219 1085 1358 1146 iure
1385 1136 1401 1160 ,
1472 1108 1605 1171 quo

99 1177 359 1263 optimo
383 1229 399 1254 ,
431 1177 546 1239 fibi
574 1174 762 1238 afferi
787 1227 802 1252 ,
832 1173 1282 1263 vindicarique
1308 1179 1327 1239 ?
1365 1199 1439 1239 ac
1468 1178 1602 1240 eius

101 1292 235 1331 non
275 1267 476 1332 modb
530 1269 885 1345 vindiciaS‚
935 1268 1040 1331 sed
1096 1291 1344 1332 nexum
1406 1270 1606 1332 etiam

97 1362 586 1447 impetrauerat.
687 1359 1064 1425 Secundum
1089 1362 1268 1448 quod
1291 1362 1388 1424 ius
1411 1362 1572 1424 arcis
1589 1414 1605 1439 ‚

99 1457 163 1517 &
200 1454 457 1540 imperij
491 1451 796 1541 praeterea
823 1455 1011 1518 certis
1039 1455 1279 1518 finibus
1309 1455 1376 1517 in
1407 1454 1608 1517 Noua

100 1547 376 1608 Francia
461 1547 954 1610 Potrincourtio
1037 1547 1373 1625 attributi,
1462 1549 1609 1610 Rex

102 1639 277 1701 Patri
329 1640 595 1702 Cotono
647 1640 966 1726 fignificat
994 1693 1010 1718 ,
1060 1640 1228 1703 velle
1261 1639 1321 1703 se
1356 1640 1449 1703 vti
1486 1641 1604 1703 So-

98 1732 358 1794 ciorum
377 1755 573 1820 opera
597 1733 661 1794 in
685 1733 980 1796 Barbaris
1004 1733 1130 1796 illis
1154 1733 1234 1796 ad
1260 1731 1604 1796 Christum

96 1825 565 1912 adiungendi83
606 1825 884 1912 proinde
918 1825 1225 1888 scriberet
1255 1827 1335 1888 ad
1373 1827 1600 1889 Gene-

97 1917 301 1980 ralem
332 1918 669 1981 Societatis
702 1918 1124 2005 Praepofitum
1152 1918 1262 1981 suo
1293 1919 1601 1996 nomine,

96 2011 188 2073 vti
249 2010 736 2097 designarentur
807 2012 1023 2074 Patres
1090 2012 1159 2074 in
1221 2035 1367 2075 eam
1421 2035 1563 2074 rem
1588 2064 1603 2088 ,

99 2125 261 2190 quos
294 2104 516 2190 primo
554 2126 821 2190 quoque
871 2120 1173 2192 tempore
1228 2105 1387 2167 illuc
1443 2105 1603 2168 mit-

97 2195 327 2259 tendos
365 2195 496 2283 ipse
535 2197 683 2259 Rex
718 2197 798 2260 ad
831 2196 892 2259 se
929 2197 1317 2275 accerseret,
1375 2198 1605 2260 annuis

98 2286 304 2351 dufim
342 2289 636 2351 millium
676 2290 1029 2353 Librarum
1058 2290 1484 2377 vectigalibus
1509 2290 1607 2353 illi

99 2381 399 2444 Miffioni
434 2382 780 2446 attributis,
882 2383 1114 2446 Annus
1151 2381 1345 2447 huius
1390 2382 1603 2446 saeculi

95 2478 358 2537 octauus
395 2475 707 2562 agebatur
736 2528 751 2552 ,
805 2472 959 2538 cum
1018 2478 1166 2539 Rex
1214 2477 1304 2539 ita
1339 2476 1420 2539 de
1473 2477 1605 2539 Ca-

96 2568 343 2630 nadicis
410 2567 599 2630 rebus
667 2569 1082 2647 decerneret,
1151 2570 1333 2633 cuius
1386 2586 1607 2632 tamen

96 2661 531 2747 cogitationes
613 2663 1023 2749 grauioribus
1111 2663 1390 2750 negotiis
1473 2661 1602 2725 alib

1557 2755 1616 2818 se
