2174 3523
514 159 605 231 52

513 315 820 404 Argallus
857 331 1115 391 autem,
1155 315 1270 401 qui
1306 313 1507 377 fidem
1564 315 1741 380 suam
1796 315 2031 381 nostris

513 406 890 495 obligasset,
959 423 1026 470 vt
1093 405 1203 469 suo
1290 408 1566 471 nomine
1648 434 1721 473 ac
1793 432 2035 498 genere

514 504 794 589 dignum
833 516 1005 578 erat,
1057 498 1383 588 intrepide
1438 502 1805 592 acriterque
1863 504 2033 566 Prae-

512 595 685 659 fecto
722 593 1057 681 suppliciis
1094 593 1346 656 nostros
1381 595 1717 660 addicenti
1740 595 2033 673 obstitit,
2119 629 2123 632 ·

514 688 706 775 seque
744 687 1075 749 incolumi
1103 688 1382 774 captiuis
1403 687 1525 751 suis
1555 686 1723 753 nihil
1752 688 2034 779 periculi

518 781 819 844 futurum
906 779 1336 844 affeuerauit:
1430 780 1742 846 Praefecto
1810 801 2036 848 tamen

513 875 888 938 institutum
929 873 1041 936 suu
1099 871 1481 938 obstinatius
1537 891 1840 955 tenente,
1897 877 2031 939 Re-

514 970 701 1056 gium
765 968 1101 1055 diploma,
1164 991 1297 1054 quo
1368 968 1583 1030 nostra
1651 970 1914 1033 colonia
1966 968 2033 1031 in

513 1062 1134 1126 Nouam-Fraciam
1176 1062 1656 1140 deducebatur,
1713 1063 2033 1151 protulit,

512 1156 694 1219 cuius
731 1155 1117 1218 auctoritate
1153 1153 1466 1243 repressus
1507 1154 1850 1220 PraefeClms
1872 1151 2037 1218 vltra

512 1250 783 1312 tendere
842 1271 974 1310 non
1037 1247 1219 1310 ausus
1279 1247 1389 1312 est.
1495 1249 1747 1314 Coacto
1817 1245 2037 1339 postea

513 1343 841 1418 concili0‚
897 1339 1051 1404 cum
1106 1342 1184 1404 de
1241 1365 1308 1404 re
1363 1357 1500 1404 tota
1561 1343 2034 1406 deliberaretur

513 1432 915 1511 accuratiuS,
977 1435 1055 1497 ab
1095 1435 1407 1498 omnibus
1443 1436 1615 1498 itum
1652 1435 1744 1499 est
1779 1437 1846 1499 in
1885 1458 2031 1498 eam

512 1528 903 1592 sententiam
929 1581 945 1605 ,
1020 1544 1087 1590 vt
1170 1528 1478 1615 Argallus
1562 1552 1717 1592 cum
1786 1528 2035 1617 triplici

514 1622 825 1686 instructa
863 1645 1030 1684 naue
1065 1622 1133 1684 in
1173 1621 1797 1685 Nouam-Fraciam
1830 1622 2033 1685 Iesui-

515 1734 605 1779 tas
635 1716 1010 1792 reduceret;
1051 1738 1157 1778 eos
1180 1715 1335 1778 inde
1358 1738 1514 1778 cum
1542 1717 1732 1779 certis
1756 1715 2035 1804 captiuis

515 1810 582 1872 in
622 1809 917 1872 Galliam
957 1808 1466 1886 transmitteret3
1519 1807 1931 1887 Sauffaeium,
1971 1812 2034 1873 &

514 1903 647 1966 eius
686 1900 1035 1965 cohortem
1091 1902 1491 1979 militarem,
1545 1927 1687 1990 quae
1741 1903 1808 1966 in
1868 1903 2031 1966 Por-

514 1996 865 2083 turegienfi
918 2019 1064 2058 arce
1115 1995 1487 2083 praefidere,
1548 1995 1715 2059 falso
1768 2012 2033 2074 tamen,

517 2091 889 2167 dicebatur,
952 2091 1017 2152 in
1056 2112 1322 2152 crucem
1361 2108 1621 2176 ageret;
1679 2089 2032 2153 Gallorum

516 2184 744 2246 omnia
782 2183 1126 2246 domicilia
1162 2183 1510 2270 diriperet,
1548 2206 1621 2245 ac
1657 2183 1792 2246 solo
1816 2206 2031 2271 aequa-

515 2292 630 2340 ret.
721 2276 1043 2340 Reditum
1070 2275 1160 2338 est
1183 2277 1387 2363 igitur
1405 2277 1470 2338 in
1492 2276 2036 2340 Nouo-Franciae

516 2393 702 2432 oram
744 2370 952 2433 Gallis
989 2368 1394 2446 habitatam,
1436 2370 1542 2432 vbi
1581 2371 1823 2434 Sanetae
1854 2371 2031 2433 Cru-

518 2464 607 2526 cis
645 2515 659 2539 ,
749 2464 939 2550 Regij
1031 2464 1264 2526 Portus
1346 2486 1521 2526 arces
1587 2462 2035 2526 defensoribus

516 2579 745 2619 vacuas
781 2555 1084 2644 spoliauit
1113 2609 1128 2634 ,
1169 2560 1230 2620 (Sc
1269 2557 1559 2634 incedit,
1600 2557 1827 2619 omnia
1867 2556 2031 2619 Gal-

516 2651 627 2712 lici
667 2651 958 2712 nominis
997 2667 1437 2713 monumenta
1477 2650 1682 2714 deluit
1709 2703 1726 2728 ,
1769 2650 2031 2713 Britan-

1904 2765 2038 2805 mel
