2174 3523
506 172 600 269 38

505 377 764 430 remur,
826 351 1013 414 nobis
1067 352 1159 415 vti
1213 352 1479 430 liceret,
1536 352 1603 415 in
1672 353 2027 441 quolilibet

506 447 721 511 Nouae
750 445 1046 508 Franciae
1069 448 1299 522 tractu,
1324 461 1434 508 aut
1457 446 1747 533 patrium
1773 447 2027 510 idioma

505 538 908 627 perdiscere,
980 555 1090 601 aut
1148 539 1328 625 quod
1387 539 1521 600 iam
1578 539 2028 603 didicissemus

507 631 729 695 nostro
767 632 908 694 iure
932 684 947 709 ,
987 631 1229 695 nullius
1267 631 1561 720 exspecta
1591 634 1816 711 venia,
1853 634 2028 696 inter

509 726 827 789 Barbaros
877 748 1199 789 exercere.
1303 725 1380 787 In
1434 748 1579 787 eam
1633 749 1770 788 rem
1816 727 2030 813 ‚igitur

509 819 726 906 Regio
766 818 1134 907 diplomate
1157 818 1455 882 instructi
1479 818 1827 882 Sociorum
1854 821 1985 882 duo
2010 871 2027 897 ,

508 913 702 975 Pater
741 912 1107 981 Quintinus
1131 965 1147 990 ,
1188 914 1251 976 &
1289 913 1403 999 qui
1439 909 1588 975 ante
1625 912 1694 974 in
1735 912 2029 975 Galliam

508 1006 919 1093 renauigarat
955 1003 988 1068 ὲ
1027 1006 1231 1068 Portu
1270 1005 1486 1092 Regio
1510 1058 1527 1083 ‚
1567 1005 1906 1069 Gilbertus
1942 1005 2030 1069 du

509 1098 694 1162 Thet
731 1098 1333 1162 Nouo-Fracicum
1388 1099 1607 1177 littus,
1660 1122 1834 1162 anno
1884 1098 2027 1162 sex-

510 1192 868 1257 centefimo
931 1193 1196 1256 decimo
1253 1193 1488 1270 terti0‚
1552 1192 1777 1255 medio
1835 1192 2031 1255 Ma'i'o

509 1286 878 1349 incolumes
945 1286 1206 1373 laetique
1274 1302 1646 1349 tenuerunt.
1782 1285 2028 1374 Diplo-

513 1395 690 1442 mate
727 1379 1122 1457 cauebatur,
1184 1380 1276 1443 vti
1328 1380 1557 1443 liceret
1607 1379 1798 1442 nobis
1849 1380 2032 1442 noui-1

514 1472 864 1536 domicilifi
915 1474 1282 1536 commodo
1338 1473 1488 1536 loco
1543 1471 1906 1550 aedificare,
1960 1496 2034 1536 ac

511 1567 824 1629 idoneam
923 1564 1249 1628 familiam
1342 1566 1690 1630 domicilio
1784 1567 2031 1630 tuendo

513 1659 795 1738 habere,
832 1660 912 1723 ad
949 1660 1130 1723 cuius
1191 1659 1584 1723 instructum
1638 1682 1853 1722 annua
1906 1660 2029 1723 tri-

512 1750 754 1816 cenum
792 1754 1086 1842 capitum
1143 1753 1387 1816 cibaria
1415 1805 1431 1830 ‚
1494 1753 1647 1840 equi
1683 1749 1988 1840 praeterea
2014 1805 2032 1831 ,

513 1869 759 1935 caprae‚
797 1870 870 1910 ac
909 1863 1136 1910 caetera
1172 1847 1239 1909 id
1275 1870 1478 1934 genus
1529 1846 1801 1933 largiter
1852 1845 2032 1909 sum-

516 1939 699 2003 miffa
759 1956 962 2004 erant.
1063 1940 1172 2003 Ad
1226 1941 1363 2002 vim
1426 1963 1695 2027 quoque
1752 1940 2030 2027 propul-

514 2033 778 2096 sandam
805 2033 1230 2096 instrumenti
1249 2033 1506 2111 bellici,
1533 2036 1596 2097 &
1622 2050 2034 2096 commeatus

514 2126 872 2205 nonnihil,
914 2127 1226 2189 militaria
1262 2127 1425 2189 item
1465 2143 1774 2214 quattuor
1812 2126 2030 2189 taber-

516 2222 786 2299 nacula,
849 2221 1085 2308 quibus
1155 2236 1570 2307 tegeremur,
1643 2220 1802 2282 dum
1859 2220 2034 2282 muri

515 2312 911 2401 assurgerent
949 2337 1133 2376 nouae
1171 2315 1406 2376 domus
1431 2365 1447 2390 ,
1504 2313 1780 2400 Reginae
1831 2312 2034 2375 bene-

515 2406 779 2470 ficentia
846 2405 1253 2470 accesserant.
1380 2405 1689 2469 Sauffeius
1760 2406 2036 2469 militari

518 2501 712 2563 titulo
781 2501 1202 2588 imperioque
1287 2499 1661 2562 domesticae
1728 2496 2035 2577 cohorti,

518 2594 866 2656 domicilio
950 2593 1333 2656 aedificando
1371 2646 1387 2670 ,
1482 2593 1836 2680 eidemque
1919 2616 2034 2655 ex-

518 2686 758 2751 structo
787 2740 802 2765 ,
866 2710 939 2750 ac
977 2687 1238 2750 munito
1273 2685 1664 2774 praefuturus
1717 2701 1851 2748 erat
1877 2738 1893 2762 ‚
1947 2685 2038 2747 vti

1872 2775 2039 2840 nihil
