2174 3523
1487 187 1626 260 49

123 353 205 416 cu
241 348 543 413 Sauffae'i‘o
575 350 851 413 coloniae
887 350 1117 413 nostrae
1150 350 1339 413 Duce
1374 340 1631 410 fuerant

120 443 417 508 nostrum
456 443 523 504 in
556 443 849 505 Galliam
882 444 1170 506 reditum
1200 469 1212 506 :
1254 441 1360 504 sed
1384 440 1627 503 reditus

122 535 538 601 conditiones
575 551 758 598 erant
796 535 1157 612 eiusmodi,
1214 558 1355 622 quae
1391 555 1625 621 parum

123 628 462 693 differrent
499 628 576 690 ab
615 645 789 691 certa
826 629 1042 691 nostra
1077 628 1392 715 pernicie.
1467 625 1623 688 Tri-

119 722 303 809 ginta
356 721 678 807 capitibus
733 738 895 807 quot
947 720 1412 796 censebamur,
1466 741 1627 781 vnus

119 815 316 876 linter
336 813 714 890 dumtaxat,
740 812 1256 899 haudquaquam
1281 812 1589 874 omnium
1608 862 1624 887 ,

118 907 319 969 etiam
414 904 776 968 denfiffime
863 905 1251 993 stipatorum
1276 957 1292 982 ,
1377 927 1580 991 capax
1608 955 1624 980 ,

117 999 605 1062 concedebatur
629 1051 645 1076 ,
683 997 924 1085 hasque
954 998 1321 1060 coditiones
1350 1020 1623 1083 accepe-

117 1108 212 1155 rat
249 1090 572 1154 Sauffae'ius
597 1143 613 1169 ,
652 1092 812 1178 quin
852 1088 1306 1177 chirographo
1342 1089 1453 1152 suo
1492 1104 1624 1151 erat

115 1184 417 1261 testatuS,
487 1183 657 1247 hanc
723 1183 901 1246 suam
972 1182 1156 1246 fuisse
1225 1184 1623 1271 optionem,

116 1301 258 1365 quae
294 1301 518 1340 reuera
543 1294 675 1339 erat
705 1277 889 1363 optio
920 1275 1255 1339 certiffimi
1285 1274 1627 1361 naufragij.

116 1370 345 1433 Nostri
406 1387 579 1433 tame
641 1370 1026 1447 euicerunt,
1088 1385 1154 1431 vt
1215 1393 1294 1431 ne
1355 1367 1623 1456 praesens

111 1464 487 1551 periculum
544 1463 752 1526 adiret
812 1462 1104 1525 vniuersa
1164 1462 1354 1524 fimul
1394 1461 1621 1537 turba,

112 1559 680 1644 impetratumque
741 1555 869 1632 est,
927 1572 993 1618 vt
1048 1556 1371 1642 quindeni
1420 1551 1622 1617 modo

114 1651 367 1734 cymbae
399 1651 935 1736 imponerentur,
975 1671 1262 1735 quorum
1288 1671 1447 1710 vnus
1472 1645 1622 1709 effet

115 1743 306 1805 Pater
347 1741 683 1818 MaffaeuS,
723 1743 852 1804 duo
890 1743 1128 1828 reliqui
1165 1743 1384 1804 Patres
1423 1740 1621 1804 delati

113 1836 192 1898 ad
228 1834 461 1898 insulas
500 1835 868 1898 Peuco'i‘tias
905 1835 1145 1922 Anglis
1196 1833 1621 1922 piscatoribus

112 1928 485 1990 traiiciendi
521 1929 588 1991 in
629 1928 921 1990 Galliam
948 1929 1614 1990 commendarentur:

110 2037 336 2084 caetera
383 2044 525 2108 pars
581 2021 1038 2106 contubernij,
1097 2045 1237 2108 quae
1291 2021 1500 2082 libens
1552 2020 1619 2080 in

108 2114 491 2201 Virginiam
549 2114 724 2191 ibat,
784 2112 858 2176 eo
915 2115 1390 2201 deportaretur.
1492 2112 1617 2174 Al-

106 2222 242 2269 tera
276 2207 481 2293 igitur
515 2230 657 2294 pars
695 2207 1204 2270 contubernaliu
1233 2207 1619 2293 nauigatura

105 2299 173 2362 in
213 2300 505 2362 Galliam
564 2299 856 2363 Sauffae'i'o
913 2301 1078 2363 duce
1132 2301 1402 2363 lintrem
1455 2322 1617 2362 con-

105 2391 354 2455 scendit
381 2445 397 2471 ,
484 2394 786 2456 locorum
817 2447 832 2471 ‚
919 2397 980 2457 &
1051 2393 1400 2456 maritimae
1467 2393 1617 2455 artis

106 2485 367 2572 ignara,
396 2487 670 2550 nauticis
693 2504 998 2574 praeterea
1024 2487 1260 2549 tabulis
1286 2485 1615 2562 destituta,

106 2579 212 2642 cui
253 2579 435 2642 Deus
472 2581 538 2642 in
578 2596 880 2666 tempore
907 2579 1230 2643 summifit
1271 2578 1613 2641 Caluinia-

105 2694 268 2735 num
324 2673 518 2736 illum
581 2675 764 2736 nauis
818 2674 1376 2761 gubernatorem,
1432 2669 1618 2735 valde

1283 2766 1617 2828 intentum

703 2859 746 2905 G
