2174 3523
1527 184 1573 256 9

75 345 811 423 Sanetus-Laurentium
869 345 1337 434 Episcopium,
1390 341 1570 405 Cha-

74 454 309 514 taeum,
364 440 426 501 &
493 439 615 501 alia
690 439 1007 502 nonnulla
1075 435 1570 525 promontoria:

71 528 516 593 Tadouffacus
552 532 837 618 denique
872 547 1094 619 portus
1117 531 1197 593 ad
1232 527 1568 616 Saguenaij

71 621 362 685 fluminis
399 623 558 686 ostia
594 621 959 711 Sacqueum
991 623 1293 685 ineuntis

167 713 425 777 Porro
410 739 476 778 1n
515 732 649 779 tam
687 715 1017 779 immenso
1071 732 1389 778 terrarum
1426 737 1570 776 am-

72 807 256 884 bitu,
296 805 748 895 frequentibus
786 808 1350 895 expeditionibuS,
1388 809 1573 869 annis

71 897 352 986 amplius
388 917 660 963 centum
686 953 701 977 ‚
764 900 1002 963 Franci
1041 899 1382 961 domicilia
1419 922 1568 961 om-

71 992 230 1054 nino
315 994 611 1080 quinque
679 993 1198 1068 constituerunt,
1283 1014 1571 1077 quorum

67 1084 364 1171 primum
390 1085 600 1173 posuit
632 1085 905 1147 Iacobus
936 1085 1325 1151 Quartierus
1354 1084 1569 1170 poste-

69 1177 242 1239 riore
302 1177 407 1240 sua
467 1178 930 1264 nauigatione,
994 1199 1125 1238 non
1187 1177 1265 1238 ad
1327 1179 1574 1240 Sanffae

73 1269 302 1331 Crucis
329 1322 345 1346 ,
383 1293 524 1356 quae
576 1293 751 1332 nunc
789 1269 916 1345 est,
971 1268 1403 1356 importuosas
1454 1292 1568 1331 an-

68 1361 339 1448 gustias,
367 1365 429 1425 &
453 1379 669 1425 cautes
696 1389 708 1426 :
749 1362 854 1424 sed
880 1363 945 1447 in
977 1363 1050 1424 iis
1081 1360 1258 1449 paene
1286 1361 1572 1448 vestigiis

70 1454 176 1516 vbi
216 1478 390 1517 nunc
445 1454 535 1517 est
572 1456 968 1523 Quebecum
998 1507 1014 1532 ,
1076 1457 1302 1518 Saneta
1357 1455 1573 1517 Cruce

66 1547 415 1633 quindenis
452 1548 654 1610 leucis
691 1548 971 1611 citerius,
1095 1548 1404 1610 Alterum
1444 1548 1568 1610 Pe—

67 1655 198 1702 trus
236 1642 321 1702 du
361 1642 529 1716 GaS,
588 1642 898 1703 dominus
936 1642 1015 1703 de
1069 1641 1342 1717 Monts,
1396 1664 1569 1702 anno

23 1801 26 1803 Α
68 1751 299 1818 quarto
337 1733 521 1821 supra
560 1733 988 1795 millesimum
1026 1733 1570 1795 sexcentesimum

69 1826 322 1902 erexit,
361 1827 426 1888 in
467 1826 736 1912 angusta
774 1825 1010 1902 insula,
1050 1827 1221 1888 inter
1261 1827 1567 1888 Etemin-

69 1918 297 2003 quois,
337 1919 402 1981 in
444 1919 731 1981 Australi
772 1920 1262 2006 propemodum
1301 1919 1566 1982 littore:

68 2011 175 2072 cui
231 2011 578 2073 domicilio
634 2035 707 2074 ac
762 2011 980 2074 insulae
1036 2034 1284 2074 nomen
1339 2014 1572 2075 Sanbffa

67 2105 251 2166 Crux
305 2104 566 2166 indidit.
695 2105 883 2167 Idem
947 2105 1182 2167 eodem
1245 2127 1440 2181 annO,
1502 2105 1569 2167 in

64 2197 236 2282 quafi
261 2196 598 2284 peninsula
617 2249 631 2273 ‚
659 2221 783 2259 orae
809 2198 1145 2274 Acadicae,
1171 2198 1250 2259 ad.
1277 2198 1569 2284 Regium

67 2289 345 2352 Portum
366 2341 382 2366 ,
403 2289 691 2352 eiusdem
714 2290 1001 2352 nominis
1019 2291 1331 2377 exiguam
1351 2313 1570 2352 arcem

63 2379 219 2444 foffa
238 2385 299 2446 ὅτ,
318 2405 554 2469 aggere
574 2384 903 2445 munitam
924 2383 1259 2446 exstruxit.
1339 2384 1571 2446 Portus

67 2475 348 2562 RegiuS,
379 2479 442 2539 ὅτ,
467 2477 686 2579 portui
710 2476 1131 2563 cognominis
1160 2499 1308 2552 arx,
1337 2474 1520 2538 sunt
1505 2499 1572 2538 1n

64 2590 156 2645 ea,
178 2591 378 2654 quam
405 2569 458 2631 F
464 2591 754 2631 ranclam
774 2572 1001 2633 Ba'iam
1019 2584 1274 2645 vocant,
1300 2585 1570 2631 centum

64 2661 545 2749 quinquaginta
627 2663 826 2725 leucis
893 2685 928 2724 a
996 2660 1334 2749 Campsaeo
1415 2685 1569 2749 pro-

1191 2771 1571 2832 montorlo,

670 2847 702 2892 B
