2174 3523
1524 194 1622 267 55

118 357 197 419 tis
224 407 241 432 ‚
278 355 394 417 fibi
431 379 504 418 ac
538 357 661 419 suis
690 357 754 420 in
783 381 854 420 ea
880 357 1298 445 nauigatione
1322 354 1627 419 infestam

119 445 358 510 merito
396 447 516 511 effe
544 502 560 526 ,
598 473 723 536 qua
758 450 1135 513 calamitate
1184 448 1420 513 fractus
1444 501 1460 526 ,
1513 448 1630 534 qui

120 540 468 603 calumniis
526 541 631 604 sua
691 543 881 630 culpa
950 540 1196 605 temere
1264 539 1586 629 persuasus
1613 592 1630 617 ‚

122 633 300 696 Patri
338 634 577 696 Biardo
614 633 798 697 valde
833 633 1115 697 infensus
1152 636 1216 696 in
1256 657 1407 696 eum
1449 633 1628 696 diem

119 723 364 802 fuerat,
392 749 792 814 magnopere
830 728 1067 790 deinde
1092 727 1418 813 mitigari,
1444 726 1634 811 eique

119 818 436 906 placatior
459 821 659 907 coepit
680 819 842 883 fieri.
927 820 1014 881 Vt
1038 835 1257 882 autem
1284 835 1630 881 ventorum

117 911 432 974 violentia
471 935 604 974 non
641 912 934 998 adigeret
969 912 1050 973 ad
1109 912 1400 995 Asoras:
1452 911 1632 972 ciba-

119 1003 372 1065 riorum
411 1021 634 1067 tamen
672 1003 748 1066 eo
800 1004 1002 1066 etiam
1056 1003 1352 1065 nolentes
1402 1026 1631 1065 aman-

121 1096 352 1174 dabat,
405 1100 469 1160 &
505 1120 685 1184 aquae
720 1096 930 1160 dulcis
982 1096 1290 1183 penuria3
1348 1117 1631 1182 quamo-

119 1189 307 1251 brem
346 1190 669 1252 Turnello
705 1189 1068 1252 videndum
1104 1205 1238 1251 erat
1265 1240 1282 1266 ,
1344 1211 1425 1250 ne
1476 1188 1636 1274 quid

119 1282 234 1368 ipsi
272 1282 499 1344 damni
535 1280 898 1344 arcefferet'
932 1281 1204 1344 Patrum
1261 1280 1633 1343 nostrorum

118 1373 489 1462 praesentia,
528 1398 609 1437 ex
645 1375 880 1461 quibus
936 1374 1215 1462 periculi
1270 1372 1440 1436 nihil
1503 1374 1633 1435 im-

121 1467 416 1530 minebat
443 1518 460 1544 ‚
529 1467 570 1530 fi
641 1491 806 1530 naue
874 1467 1107 1555 procul
1181 1467 1248 1529 in
1332 1464 1637 1529 anchoris

120 1558 517 1637 inhaerente,
555 1584 670 1648 per
704 1559 1012 1648 scapham
1051 1561 1118 1622 in
1156 1575 1424 1647 portum
1480 1558 1632 1620 mis-

119 1652 252 1715 sam
309 1651 654 1715 necessaria
708 1676 971 1715 annona
1034 1668 1405 1740 pararetur,
1458 1651 1637 1738 quod

121 1743 421 1808 futurum
481 1747 840 1809 Turnellus
899 1745 1285 1833 speraueret.
1388 1740 1639 1807 Contra

120 1837 274 1901 vero
341 1836 538 1926 quam
610 1840 943 1916 crederet,
1013 1838 1253 1901 accidit
1285 1863 1298 1900 :
1361 1837 1638 1925 appulfis

121 1932 300 1994 enim
340 1932 419 1994 ad
449 1933 754 1994 Fa'ealem
785 1930 989 1994 insula
1015 1930 1374 1994 Asorarum
1403 1953 1598 1993 vnam
1618 1982 1635 2007 ,

119 2023 534 2087 subeundum
604 2023 728 2087 fuit
796 2026 864 2086 in
930 2041 1200 2113 portum
1269 2024 1589 2086 intimum
1618 2075 1634 2100 ‚

118 2135 317 2205 atque
355 2118 420 2180 in
451 2119 705 2180 ciuium
732 2118 940 2180 oculis
962 2119 1133 2180 inter
1161 2132 1417 2179 caeteras
1444 2117 1638 2178 naues

119 2210 645 2274 consistendum:
719 2209 848 2297 quo
902 2206 1362 2273 vehementius
1415 2207 1637 2297 paullo

118 2303 393 2367 inuectis
421 2356 438 2381 ‚
476 2301 629 2366 cum
668 2304 881 2366 nostra
918 2304 1100 2366 nauis
1136 2303 1203 2365 in
1233 2301 1635 2389 Hispanien-

116 2395 249 2458 sem
287 2395 525 2459 saccari
562 2401 724 2460 naue
756 2398 1041 2484 impacta
1070 2448 1085 2473 ‚
1116 2419 1322 2483 prorae
1349 2395 1638 2458 anterius

118 2489 341 2552 velum
399 2488 796 2567 deterfiffet,
852 2487 1244 2553 Nauarchus
1307 2487 1639 2574 Hispanus

117 2583 394 2670 piratam
434 2583 928 2660 conclamauit,
966 2582 1365 2669 turbamque
1417 2582 1634 2644 nauti-

113 2698 262 2738 cam
299 2676 376 2739 ad
416 2699 596 2739 arma
631 2675 903 2740 exciuit.
1009 2675 1240 2738 Paucis
1282 2671 1430 2738 ante
1466 2672 1633 2737 heb-

1341 2767 1641 2831 domadis
