2174 3523
574 127 624 194 4

583 306 977 346 communes
1015 281 1231 346 hostes
1269 285 1482 372 capita
1529 283 1848 350 conferat.
1952 287 2092 350 Ex—

583 392 870 439 terarum
908 373 1059 438 vero
1098 377 1445 439 nationum
1479 377 1870 442 Francicam
1895 402 2117 442 vnam·

583 467 715 531 fere
753 469 894 530 suos
949 469 1016 530 in
1057 484 1282 556 portus
1318 470 1722 549 admittunt,
1762 472 2052 535 Fibrinis
2076 523 2128 549 „

583 578 779 648 atque
815 559 1196 624 huiusmodi
1233 562 1515 650 pellibus
1549 562 1670 627 suis
1724 563 2091 628 distrahen-

585 654 718 731 dis,
769 650 1247 742 necessariaque
1302 656 1512 731 veste,
1570 679 1643 719 ac
1695 656 2095 745 supellectile

584 748 1058 835 permutandis,

682 841 751 903 H
779 862 826 903 A
854 863 894 903 N
923 864 958 905 c
999 842 1158 904 noui
1197 841 1371 904 orbis
1408 858 1662 929 partem
1704 866 1785 905 ex
1824 843 2091 906 Francis

587 932 931 997 nauarchis
990 935 1194 1022 primi
1256 936 1686 1023 explorarunt
1748 935 2093 1014 BritoneS,

585 1050 760 1090 anno
798 1044 1031 1114 quarto
1070 1029 1210 1116 post
1268 1028 1702 1092 millesimum
1759 1029 2094 1116 quingen-

587 1121 938 1198 tefimum3
1003 1122 1082 1184 de
1142 1145 1270 1208 qua
1330 1122 1441 1184 vbi
1502 1123 2053 1186 renunciauerant
2077 1173 2094 1199 ,

587 1215 721 1276 eius
744 1215 1113 1302 repetendas
1139 1215 1579 1302 nauigationis
1603 1268 1618 1293 ,
1651 1216 1750 1278 vel
1775 1215 2055 1278 comites
2077 1267 2094 1292 ‚

586 1307 687 1369 vel
725 1308 1137 1370 aemulatores
1189 1305 1562 1371 habuerunt
1616 1309 1923 1396 deinceps
1959 1306 2093 1370 fre-

587 1399 1004 1489 quentiffime
1040 1453 1056 1478 ‚
1145 1418 1289 1464 tum
1376 1401 1809 1465 Normannos
1846 1454 1857 1480 ,
1947 1417 2092 1464 tum

587 1510 850 1557 caeteros
912 1494 1156 1556 Gallici
1227 1495 1481 1557 Oceani
1552 1495 1824 1558 accolaS.
1947 1494 2091 1556 Vn-

589 1587 988 1651 deuicefimo
1012 1585 1155 1675 post
1178 1610 1351 1649 anno
1376 1640 1392 1665 ‚
1426 1588 1705 1651 Ioannes
1723 1588 2096 1650 Verazanus

590 1681 1014 1743 Florentinus
1038 1733 1053 1757 ‚
1086 1680 1395 1742 vicefimo
1420 1680 1580 1743 item
1610 1733 1624 1758 ,
1656 1704 1729 1744 ac
1758 1680 2092 1743 tricefimo

588 1791 821 1862 quarto
849 1774 1125 1836 Iacobus
1151 1774 1537 1842 Quartierus
1567 1774 1796 1837 Gallus
1819 1826 1835 1852 ,
1868 1773 2053 1836 Brito
2078 1824 2095 1850 ,

588 1890 743 1931 cum
783 1868 1070 1955 imperio
1109 1866 1276 1929 miffi
1315 1867 1393 1929 ab
1434 1866 1782 1930 Francisco
1821 1867 2051 1930 Primo
2076 1918 2093 1944 ‚

591 1961 941 2024 Gallorum
983 1962 1171 2047 Rege
1196 2013 1210 2037 ‚
1250 1961 1439 2048 ipfius
1475 1960 1772 2048 auspiciis
1809 1982 2094 2047 occupa—

588 2071 724 2118 tam
756 2055 1100 2140 regionem
1134 2054 1315 2116 illam
1342 2106 1358 2130 ,
1390 2055 1522 2116 eius
1547 2052 2095 2141 posterorumque

591 2149 858 2234 Regum
914 2147 1344 2210 iurisdictioni
1398 2147 1858 2222 vindicaruut,
1913 2146 2094 2208 cuius

589 2239 1040 2328 poffeffionem
1067 2294 1082 2317 ‚
1124 2264 1236 2328 per
1271 2239 1613 2302 interualla
1649 2238 1923 2302 suffectae
1959 2238 2097 2301 aliae

589 2350 785 2420 atque
821 2334 958 2395 aliae
1015 2335 1424 2396 Francorum
1480 2333 1972 2419 expeditiones,
2028 2332 2095 2394 in

591 2425 763 2489 hanc
833 2426 1026 2513 Vsque
1111 2428 1288 2489 diem
1361 2426 1715 2487 Gallorum
1800 2425 2096 2512 Regibus

589 2518 854 2581 asserere
893 2522 1401 2606 perseuerarunt.
1533 2519 1637 2580 De
1677 2518 1907 2580 nostris
1944 2516 2096 2580 vero

589 2612 757 2674 miffi
806 2637 1074 2700 quoque
1131 2612 1274 2675 sunt
1325 2635 1497 2674 anno
1550 2610 1926 2699 superiore,
1981 2611 2095 2697 qui

1810 2704 2099 2766 Henrici
