2174 3523
564 193 662 266 3Ε)

566 350 779 415 nihilo
817 364 1038 411 tamen
1071 342 1289 410 minus
1312 399 1328 424 ‚
1359 345 1532 433 quafi
1569 343 1603 408 a
1638 349 1855 412 nostro
1892 365 2069 413 atro-

565 440 1230 508 citerinfimularetur
1249 441 1476 502 Simon
1501 440 1829 505 Imbertus
1847 495 1862 519 ,
1889 442 2072 506 cuius

564 537 721 600 fides
782 535 846 597 in
919 557 996 596 eo
1065 533 1337 620 negotio
1407 533 1929 612 defiderabatur;
1984 536 2075 599 ita

564 630 740 693 illius
790 626 1112 716 postulata
1164 625 1268 688 isti
1327 625 1407 689 de
1468 626 1729 714 pinxit,
1792 646 1857 691 vt
1917 651 2072 691 eum

566 723 753 785 nobis
820 718 1321 783 infenfiffimum
1379 718 1641 784 faceret.
1743 722 2076 784 Imbertus

566 839 724 903 ergo
761 832 828 877 vt
867 813 1373 877 Biencourtium
1413 813 1529 876 fibi
1576 815 2007 878 conciliatum
2044 811 2078 878 a

567 909 756 972 nobis
811 907 1246 984 abalienaret,
1307 905 1500 993 seque
1559 905 1912 971 referendae
1972 930 2075 970 ra-

567 1003 764 1066 tionis
848 1000 1217 1064 neceffitate
1299 1000 1701 1078 absolueret,
1787 998 2078 1088 maligne

568 1097 1028 1184 interpretatus
1083 1093 1431 1157 confilium
1489 1094 1802 1156 Dominae
1855 1094 2077 1157 Guer-

569 1188 923 1252 cheuillaeae
946 1240 962 1265 ,
993 1211 1131 1274 quae
1153 1186 1548 1275 paciscendae
1570 1186 1894 1250 societatis
1922 1210 2078 1250 cum

572 1282 868 1346 Robinio
903 1280 1119 1344 ansam
1176 1296 1590 1367 captauerat,
1643 1297 1710 1343 vt
1751 1279 2081 1344 Miffionis

569 1375 798 1439 nostrae
845 1375 1033 1438 rebus
1077 1371 1258 1437 tantb
1300 1370 1535 1436 certius
1563 1390 1863 1451 caueret3
1902 1371 2079 1437 frau-

570 1470 872 1533 dulenter
909 1467 1250 1531 cauillatus
1306 1466 1396 1529 est
1423 1520 1439 1544 ‚
1497 1490 1611 1553 per
1648 1466 1904 1530 causam
1945 1467 2082 1530 eius

569 1562 892 1625 societatis
948 1561 1204 1624 intendi
1275 1558 1624 1638 machina,
1694 1583 1822 1648 qua
1876 1561 2078 1623 Bien-

572 1656 987 1719 courtiorum
1059 1657 1255 1716 nome
1341 1653 1822 1741 Porturegienfi
1891 1677 2079 1731 arce,

571 1766 768 1837 atque
803 1747 1096 1812 vniuersa
1133 1746 1335 1811 Noua
1374 1747 1651 1810 Francia
1698 1747 2080 1810 detrudere-

571 1860 695 1907 tur.
800 1843 902 1905 Ex
939 1840 1062 1904 hac
1100 1841 1438 1904 calumnia
1491 1841 1618 1903 illae
1671 1839 2078 1926 Biencourtij

571 1935 930 2000 simultates
958 1934 1348 1998 exstiterunt
1372 1986 1388 2011 ‚
1418 1933 1656 2021 quibus
1679 1932 1926 1997 factum
1954 1934 2043 1995 est
2066 1984 2083 2010 ,

571 2048 641 2094 vt
679 2028 1053 2092 nostrorum
1091 2051 1289 2116 opera
1333 2026 1819 2091 Nouo-francis
1870 2049 2085 2114 popu-

573 2125 689 2201 lis,
741 2124 899 2209 quin
962 2125 1025 2186 &
1088 2121 1230 2209 ipfis
1285 2144 1552 2208 quoque
1609 2120 1818 2182 Gallis
1871 2118 2086 2182 nihilo

575 2215 708 2281 fere
745 2240 942 2303 quam
985 2215 1089 2278 isti
1151 2212 1368 2277 minus
1421 2213 1767 2300 egentibus
1820 2212 2102 2290 instituf

575 2312 797 2387 tione,
843 2310 1152 2397 deinceps
1212 2306 1363 2371 effet
1425 2306 1698 2370 inutilis,
1804 2306 2085 2368 Calum-

575 2405 844 2467 niatoris
935 2402 1280 2465 mendacia
1372 2399 1564 2463 facile
1647 2398 1773 2462 fuit
1858 2399 2091 2461 nostris

577 2499 829 2561 diluere
854 2550 869 2574 ‚
909 2499 972 2561 &
1009 2495 1243 2572 semel,
1283 2496 1522 2557 iterum
1552 2546 1567 2570 ‚
1605 2516 1678 2555 ac
1718 2490 1913 2555 testib
1950 2508 2088 2554 tam

576 2589 797 2678 aperte
864 2613 937 2653 ac
1006 2587 1216 2651 valide
1295 2587 1466 2676 apud
1537 2585 2088 2662 Biencourtium,

577 2685 885 2747 audiente
957 2681 1255 2745 vniuerso
1330 2680 1811 2756 contuberni0‚
1874 2678 2089 2740 dilue-

1900 2786 2093 2847 runt;
