2174 3523
537 330 835 395 domadis
875 328 1105 391 Gallus
1141 328 1348 391 subita
1396 328 1763 417 irruptione
1816 349 2057 392 nauem

532 427 597 487 in
639 424 878 486 eodem
938 438 1135 510 portu
1186 421 1616 510 spoliauerat,
1669 423 1839 486 vnde
1893 419 2054 484 His-

533 517 686 604 pani
746 515 1031 578 similem
1094 514 1312 578 casum
1371 515 1608 592 veriti,
1672 513 1800 579 hoc
1855 513 2056 578 vehe-

535 605 820 673 mentius
856 608 1382 696 trepidauerant,
1423 605 1738 696 tantoque
1773 603 2059 696 sagacius

531 704 599 766 in
653 702 958 790 Anglum
1019 702 1496 789 inquirendum
1536 702 2054 765 arbitrabantur.

534 798 758 865 Quare
795 795 1124 859 Turnello
1185 794 1718 859 exscendendum
1770 796 1838 858 in
1891 817 2054 858 con-

532 891 859 954 tinentem
884 887 1010 952 fuit
1026 912 1269 976 ,quem
1296 889 1531 952 obsidis
1557 889 1706 951 loco
1736 886 2058 951 haberent

535 983 863 1072 Hispani,
903 983 1065 1046 dum
1119 979 1418 1045 accurate
1470 982 1899 1045 lustrarentur
1951 982 2055 1044 in-

534 1078 774 1140 teriora
841 1077 1061 1152 nauiS,
1150 1076 1448 1139 Patribus
1530 1075 1801 1138 interim
1885 1097 2060 1162 pone

533 1171 804 1234 lintrem
856 1166 1305 1232 studiofiffime
1358 1167 1924 1245 delitescentibuS,
1978 1191 2060 1231 ne

534 1264 695 1352 quid
732 1263 1116 1327 detrimenti
1153 1286 1234 1325 ex
1272 1263 1359 1326 eis
1412 1262 1639 1349 Anglo
1692 1277 2058 1339 crearetur,

532 1359 576 1421 fi
615 1372 1107 1445 comparerent.'
1199 1355 1612 1419 Perdifficilis
1649 1372 1782 1418 erat
1812 1354 2059 1417 latebra

421 1495 428 1504 ι
533 1452 684 1515 loco
723 1447 1007 1512 minime
1044 1449 1286 1512 idoneo
1317 1502 1332 1527 ,
1372 1473 1438 1512 re
1474 1447 1636 1512 adeo
1671 1448 2016 1536 repentina
2040 1500 2057 1525 ,

534 1561 805 1632 tamque
887 1542 1202 1606 accuratis
1284 1541 1790 1619 scrutatoribus,
1876 1541 2058 1604 nauis

534 1639 762 1702 omnia
828 1637 1067 1699 intima
1138 1636 1570 1699 rimantibus:
1626 1635 1730 1698 sed
1791 1635 2059 1722 lynceos

535 1755 769 1795 eorum
831 1730 1056 1793 oculos
1117 1727 1434 1816 fugerunt
1494 1727 1740 1806 nostri,
1814 1751 2059 1815 magna

533 1825 638 1888 sua
674 1824 1056 1912 voluptate,
1110 1821 1285 1909 quod
1340 1822 1642 1909 Anglum
1682 1822 1768 1884 ita
1820 1820 2057 1884 seruas-

535 1919 711 1982 sent:
759 1918 1005 1980 maiore
1042 1916 1252 2004 Angli
1290 1917 1532 2002 gaudio
1563 1968 1578 1993 ,
1617 1914 1794 2002 quod
1831 1931 2059 2002 praeter

532 2013 710 2100 spem
738 2064 753 2088 ,
792 2034 865 2073 ac
900 2010 1087 2073 suum
1126 2010 1444 2072 meritum
1471 2062 1486 2087 ,
1517 2011 1596 2071 ab
1625 2010 1701 2071 iis
1728 2009 2055 2071 seruatum

535 2107 594 2168 se
662 2103 1084 2193 agnosceret,
1170 2103 1408 2190 quibus
1484 2103 1860 2165 libertatem
1943 2124 2059 2188 per

535 2199 800 2262 summu
864 2198 1064 2260 scelus
1131 2199 1486 2260 ademerat.
1615 2197 1691 2259 Id
1750 2194 2052 2280 beneficij

535 2315 778 2397 genus,
836 2292 1365 2379 singularemque
1423 2289 1672 2366 fidem,
1709 2288 1938 2392 Angli
1995 2290 2058 2352 &

532 2388 599 2449 in
638 2385 968 2490 praesentia
1007 2384 1385 2471 ingentibus
1422 2383 1589 2470 grati
1618 2382 1827 2444 animi
1855 2404 2053 2468 argu-

534 2481 776 2542 mentis
812 2478 1285 2566 agnoscebant,
1325 2479 1387 2541 &
1425 2476 1730 2563 deinceps
1767 2487 2054 2563 laepenu-

534 2571 759 2650 mero,
833 2568 1124 2634 maxime
1193 2570 1366 2658 apud
1432 2568 1573 2632 suos
1660 2567 2054 2645 Ministros,

535 2691 690 2729 curn
729 2665 985 2729 summa
1024 2665 1294 2728 Patrum
1353 2663 1770 2739 laudatione,
1821 2661 2054 2748 praedi-

1806 2770 2056 2818 carunt.
