2174 3523
1528 194 1628 266 47

133 354 333 441 igitur
363 355 586 438 tepore
618 353 837 415 Patres
863 353 1112 417 nostros
1135 352 1636 442 perhumaniter

135 445 405 521 habuit,
447 461 672 531 >atque
726 444 1091 508 honorifice
1151 448 1219 508 in
1282 447 1590 509 omnibus
1619 499 1635 523 ,

136 532 486 622 mensaque
510 535 796 624 benigne
824 539 1097 626 accepit.
1200 539 1349 601 Vno
1388 541 1637 602 interea

131 630 433 717 scrupulo
519 631 917 717 angebatur,
1002 630 1180 718 quod
1249 655 1401 694 cum
1456 648 1637 719 parte

133 723 469 808 remigum
506 724 907 809 gubernator
944 724 1172 786 nostrae
1211 725 1390 786 nauis
1427 724 1636 786 euase-

132 832 229 878 rat
257 867 273 891 ‚
311 815 494 877 cuius
529 813 724 902 fuga,
764 819 827 879 δε
864 816 956 878 rei
992 816 1182 902 gestae
1211 818 1487 879 nuncius
1523 841 1637 904 per

132 908 324 971 illum
364 908 626 985 allatus,
691 932 771 970 ne
825 909 983 994 quid
1038 909 1460 971 incommodi
1516 910 1634 971 ali-

132 1001 345 1063 cunde
395 1000 510 1063 fibi
563 999 936 1077 arcesseret,
994 1002 1376 1078 verebatur,
1431 999 1638 1089 eoque

133 1094 380 1180 magiS‚
418 1091 596 1180 quod
632 1094 744 1155 ille
780 1093 860 1156 de
897 1097 1088 1157 nocte
1135 1091 1370 1181 scapha
1403 1093 1507 1156 sua
1558 1097 1638 1157 ad

131 1187 358 1250 nauim
398 1187 731 1274 captiuam
761 1185 1055 1273 appulsa,
1080 1187 1405 1273 reliquam
1431 1188 1634 1249 remi-

132 1303 292 1367 gum
365 1302 639 1341 manum
722 1279 873 1341 inde
951 1278 1364 1342 subduxerat.
1499 1281 1638 1342 Hic

131 1370 303 1435 certe
356 1371 758 1458 gubernator
781 1424 797 1449 ,
856 1372 1108 1435 tametfi
1164 1372 1592 1435 Caluinianus
1620 1425 1636 1450 ,

132 1466 292 1528 adiit
329 1465 408 1527 de
445 1469 636 1528 nocte
673 1465 753 1527 ad
784 1465 1048 1527 Patrem
1080 1465 1396 1528 Biardum
1423 1517 1439 1542 ,
1471 1465 1634 1529 eius-

132 1582 260 1645 que
296 1556 696 1645 apprehensa
760 1581 959 1620 manu
982 1610 998 1635 ‚
1056 1558 1281 1621 multis
1338 1558 1635 1621 obsecra-

131 1651 419 1714 tionibus
454 1649 804 1727 adhibitis,
841 1650 1011 1713 iuffit
1048 1674 1202 1713 eum
1241 1652 1634 1739 caeterosque

134 1745 353 1806 Patres
390 1744 469 1805 de
504 1743 603 1820 se,
654 1745 1082 1830 quantumuis
1117 1743 1245 1807 fide
1280 1767 1354 1806 ac
1406 1745 1637 1808 ritibus

131 1837 346 1899 alieno
369 1888 386 1912 ,
454 1837 680 1898 omnia
751 1835 1112 1899 Christiani
1182 1860 1254 1899 ac
1305 1838 1638 1924 popularis

131 1928 425 1992 hominis
462 1929 675 1991 officia
712 1929 1076 2016 exspectare
1100 1982 1116 2006 ‚
1154 1953 1226 1992 ac
1265 1929 1633 2017 persuasum

131 2020 406 2099 habere,
465 2022 628 2083 nulli
688 2023 780 2083 rei
842 2020 1151 2085 defuturi]
1175 2075 1190 2099 ,
1253 2047 1394 2110 quae
1441 2024 1637 2087 salute

127 2114 416 2202 ipsorum
445 2114 760 2202 spectaret
786 2141 799 2178 ε
839 2131 1172 2178 vterentur
1203 2115 1405 2179 modo
1435 2116 1636 2180 libere

127 2207 317 2296 ipfius
391 2231 586 2295 opera
624 2260 640 2284 ,
724 2209 1102 2295 videretque
1185 2210 1344 2295 quid
1427 2211 1635 2273 animi

124 2300 404 2363 sumturi
441 2299 637 2363 essent
673 2301 753 2363 ad
776 2299 932 2387 fuga
954 2301 1365 2386 capescenda.
1469 2304 1630 2366 Pro·

126 2391 256 2456 lixe
293 2394 526 2480 gratias
581 2394 715 2481 egit
773 2395 962 2456 Pater
1000 2395 1312 2472 Biardus,
1370 2419 1634 2459 memo-

127 2510 405 2573 remque
435 2486 493 2548 se
522 2485 817 2549 futurum
847 2487 1150 2574 spopodit
1181 2504 1315 2550 tam
1347 2488 1636 2552 studiosae

124 2580 191 2642 in
227 2579 288 2642 se
323 2602 396 2642 ac
431 2579 571 2642 suos
609 2580 1001 2643 voluntatis:
1045 2581 1124 2644 de
1159 2580 1218 2643 se
1268 2598 1490 2645 autem
1546 2584 1635 2646 ait

122 2672 291 2735 nihil
314 2672 374 2735 se
400 2672 678 2736 statuere
697 2726 713 2750 ‚
739 2675 959 2760 quoad
985 2674 1185 2736 totius
1210 2675 1626 2762 contubernij

1540 2792 1635 2832 res
