2174 3523
1465 198 1552 266 13

60 355 442 433 adfuissent,
496 358 838 444 nauigium
891 357 1321 432 sarciebatur,
1361 358 1424 418 δε
1462 354 1559 416 os-

60 450 335 512 citanter
372 449 642 534 quidem
670 503 685 525 ,
738 451 802 511 in
842 450 1249 524 continenti3
1304 463 1561 510 tantum

31 542 316 617 aberat,
354 558 420 602 vt
456 542 696 604 idoneo
735 560 1116 604 commeatu
1173 545 1235 605 &
1290 541 1560 626 nauiga-

60 635 294 710 tioniS,
349 636 412 696 &
453 635 797 697 Canadicae
847 633 1113 696 familiae
1171 633 1561 696 instructum

60 724 229 789 esset.
364 726 800 789 Instaurandae
869 727 1021 788 naui
1088 726 1223 788 suas
1292 748 1517 811 operas
1545 777 1561 802 ,

60 818 544 904 materiamque
572 819 949 881 locauerant
977 818 1354 880 Caluiniani
1393 819 1521 880 duo
1546 869 1561 894 ‚

60 914 123 974 &
160 911 312 997 quia
353 911 775 973 Biencourtio
812 933 884 972 ac
925 911 1218 972 Robinio
1255 911 1335 972 ad
1371 933 1561 996 oper-

57 1026 244 1066 arum
340 1004 717 1066 mercedem
810 1003 1078 1065 deerant
1168 1000 1508 1064 facultates
1545 1055 1560 1079 ,

62 1096 439 1158 Caluiniani
520 1111 911 1158 mercatores
997 1110 1245 1157 certam
1316 1095 1561 1157 nautici

58 1188 305 1252 fructus
364 1203 617 1276 partem
678 1188 851 1275 pacti
903 1187 1019 1249 fibi
1072 1203 1299 1264 erant,
1355 1184 1563 1274 eoque

59 1282 372 1358 nomine,
423 1303 542 1368 pro
596 1281 884 1343 dominis
921 1281 988 1342 in
1028 1302 1099 1342 ea
1137 1302 1303 1342 naue
1338 1304 1565 1366 gerere

57 1372 232 1462 poffe
261 1373 377 1435 fibi
404 1373 795 1436 videbantur
825 1372 1077 1436 Iesuitis
1106 1373 1308 1460 igitur
1336 1373 1562 1435 locum

57 1468 124 1529 in
156 1466 425 1552 nauigio
446 1489 578 1528 non
598 1464 896 1529 futurum
923 1466 1141 1554 palam
1160 1518 1177 1543 ,
1204 1469 1265 1529 &c
1284 1465 1562 1528 affeuer-

57 1576 239 1623 anter
299 1559 607 1635 edicunt,
664 1575 773 1622 aut
833 1559 874 1621 fi
935 1557 1234 1622 futurum
1305 1559 1417 1636 fit,
1485 1558 1562 1621 ab

59 1653 231 1715 illius
269 1652 481 1740 operis
533 1652 944 1729 redemtum,
999 1655 1061 1715 &
1113 1668 1339 1714 caetera
1376 1652 1564 1714 omni

57 1746 360 1833 pactione
419 1744 477 1807 se
537 1745 806 1807 iamiam
872 1744 1234 1808 discedere:
1299 1767 1424 1830 qua
1485 1745 1564 1807 de

58 1838 373 1901 sententia
424 1860 546 1899 nec
605 1838 794 1925 ipfius
857 1839 1129 1924 Reginae
1183 1838 1562 1914 auctoritas,

60 1932 138 1993 ab
174 1931 476 1993 Domino
506 1929 573 1992 de
604 1930 891 2017 Cicoigne
915 1983 932 2008 ‚
975 1931 1365 2018 Dieppenfis
1393 1930 1566 1992 vrbis

59 2026 244 2111 regio
300 2023 604 2100 Praefide,
658 2025 985 2111 grauiter,
1040 2023 1392 2110 seuereque
1448 2023 1561 2086 de—

60 2117 369 2180 nunciata
397 2169 412 2193 ‚
485 2116 752 2178 Caluini
820 2115 1074 2179 affeclas
1144 2140 1276 2179 non
1348 2117 1566 2204 potuit

60 2210 422 2273 dimouere.
557 2209 911 2297 Desperata
981 2233 1076 2272 res
1134 2207 1326 2296 plane
1380 2210 1563 2272 vide-

60 2303 287 2380 batur,
356 2300 533 2388 quod
601 2300 738 2365 haec
796 2326 919 2364 vna
990 2300 1192 2365 modo
1259 2304 1439 2365 nauis
1500 2304 1566 2364 in

61 2396 334 2459 Nouam
374 2396 723 2458 Franciam
761 2419 932 2458 anno
963 2396 1078 2457 illo
1107 2397 1563 2471 adornaretur3

61 2492 125 2553 &
163 2512 296 2551 non
334 2504 712 2576 paterentur
748 2489 878 2551 duo
903 2489 1003 2550 illi
1034 2489 1415 2551 Caluiniani
1439 2489 1566 2550 vlla

58 2582 118 2645 se
155 2583 408 2645 ratione
446 2582 863 2669 demitigari:
921 2605 1061 2668 quae
1097 2582 1312 2644 nostra
1369 2582 1564 2645 desti-

58 2676 225 2739 tutio
249 2676 619 2738 Dominam
642 2673 1243 2738 Guercheuillaeam
1263 2727 1278 2752 ,
1302 2675 1567 2762 religio-

707 2768 712 2773 ’
1220 2768 1522 2830 fiffimam
1553 2821 1567 2844 ,
