2174 3523
1510 220 1603 293 27

113 387 632 474 benignitatem,
671 389 736 450 in
772 387 839 449 id
876 403 1132 474 tempus
1169 383 1564 446 reseruarent
1588 432 1604 458 ‚

113 503 247 567 quo
284 481 450 552 bene
485 482 576 543 vti
611 479 701 543 fas
738 477 932 555 effet3
996 496 1152 541 tunc
1202 477 1380 538 enim
1433 473 1608 536 haud

117 574 346 636 decere
383 572 886 635 Biencourtium
913 623 928 648 ,
968 572 1033 633 in
1062 567 1419 657 periculosa
1447 590 1606 654 prae-

113 664 334 727 sertim
373 665 795 750 nauigatione
819 715 834 740 ,
872 664 950 725 ab
987 663 1046 725 se
1084 661 1302 724 deseri.
1405 660 1606 722 Bien—

117 757 376 820 courtio
446 757 682 819 deinde
748 755 1047 818 redeunti
1108 777 1186 816 ex
1254 752 1432 814 irrita
1501 750 1611 812 illa

119 849 670 935 Quinibequienfi
760 846 1278 910 frumentatione
1302 896 1318 921 ‚
1410 865 1610 930 quam

119 940 319 1004 modo
377 941 852 1017 iudicauimus,
904 936 1057 1001 cum
1112 938 1191 1000 ad
1246 937 1614 1021 Pentegoe-

118 1035 289 1098 tium
325 1057 594 1096 amnem
623 1085 639 1110 ,
680 1035 742 1096 δε
779 1034 1020 1095 Sanctae
1071 1030 1304 1092 Crucis
1339 1027 1615 1090 insulam

117 1143 390 1190 ventum
427 1124 575 1188 effet
601 1177 617 1201 ,
654 1124 918 1187 suadere
945 1138 1214 1186 conatus
1243 1121 1332 1184 est
1355 1173 1371 1198 ‚
1402 1121 1616 1182 immo

119 1220 389 1307 supplex
425 1217 551 1281 fuit
588 1218 777 1280 Pater
827 1217 1138 1292 BiarduS‚
1194 1230 1262 1277 vt
1315 1213 1375 1276 se
1425 1211 1617 1287 inde,

121 1313 270 1375 loco
332 1335 412 1374 ex
469 1310 846 1398 propinquo
875 1362 891 1387 ,
961 1310 1039 1372 ad
1112 1309 1620 1393 Pontgrauaeum

121 1404 489 1468 dimitteret
513 1455 529 1479 ‚
604 1402 923 1465 Canadici
1005 1398 1388 1464 catechismi
1457 1420 1618 1459 con-

121 1497 389 1560 texendi
427 1494 608 1558 causa
638 1547 653 1572 ,
707 1496 885 1581 quod
922 1495 1094 1557 inter
1132 1516 1239 1556 eos
1274 1489 1421 1554 ante
1456 1513 1619 1553 con-

124 1604 412 1652 uenerat.
516 1587 695 1650 Huic
723 1587 1182 1677 postulationi,
1212 1586 1368 1648 licet
1395 1582 1622 1670 aequis-

125 1683 329 1758 limae,
367 1682 416 1744 is
453 1681 635 1744 cuius
672 1678 841 1743 nihil
877 1677 1067 1768 plane
1103 1680 1453 1754 intererat,
1492 1699 1624 1739 non

125 1775 240 1837 nifi
279 1776 368 1837 eis
420 1774 913 1836 conditionibus
964 1771 1232 1835 affensus
1293 1772 1422 1847 est,
1485 1792 1626 1856 quae

127 1871 190 1932 &
216 1865 661 1954 iniquiffimae‚
688 1869 750 1930 δε
776 1888 1193 1953 nequaquam
1218 1864 1285 1927 in
1310 1862 1629 1951 potestate

129 1961 335 2023 Patris
419 1957 634 2022 effent.
769 1959 1232 2027 Quamobrem
1317 1954 1628 2019 facultate

128 2054 414 2116 deiectus
441 2052 775 2114 idiomatis
804 2051 1136 2114 vernaculi
1164 2047 1585 2113 condiscendi
1608 2099 1625 2124 ,

125 2146 205 2208 ad
243 2143 518 2208 otiosam
555 2167 733 2232 paene
763 2145 966 2207 vitam
996 2145 1063 2207 in
1091 2166 1238 2206 arce
1261 2142 1631 2228 degendam

127 2239 387 2302 adactus
423 2237 552 2314 est,
592 2238 849 2323 ingenti
884 2236 990 2299 sua
1052 2234 1373 2299 molestia.
1476 2234 1627 2298 No-

129 2331 392 2394 uembri
461 2347 742 2393 exeunte
771 2382 786 2406 ,
871 2331 1003 2392 iam
1088 2327 1299 2392 ferme
1366 2326 1631 2390 exausto

129 2447 302 2512 penu
329 2475 344 2500 ‚
382 2423 549 2486 nulli
585 2423 804 2508 nuncij
846 2421 1282 2485 afferebantur
1309 2418 1342 2483 ὲ
1373 2420 1631 2502 Gallia3

132 2520 195 2581 &
232 2516 412 2604 quod
449 2515 781 2602 reliquum
819 2513 939 2578 effe
998 2530 1254 2603 poterat
1303 2514 1382 2576 ab
1435 2536 1633 2576 vena-

132 2611 315 2673 tione
369 2609 721 2671 subsidium
747 2661 763 2686 ,
835 2608 1096 2671 niuibus
1155 2607 1366 2670 obfitfi
1424 2605 1638 2669 solum

132 2701 597 2789 intercipiebat
622 2729 636 2778 3
664 2717 729 2764 vt
754 2725 834 2764 ex
857 2701 1253 2789 parsimonia
1276 2700 1640 2788 petendum

1498 2790 1648 2856 effet
