2174 3523
513 151 611 247 36

515 350 685 396 trem
713 331 1186 396 fabricandam.
1283 334 1394 396 Eis
1418 333 1498 396 ad
1522 333 1840 398 eiusmodi
1865 357 2028 422 opus

516 426 857 503 accinctiS,
894 425 1208 513 suspicere
1231 478 1247 503 ,
1303 426 1615 489 demirari
1651 427 2024 491 vniuersum

514 519 1034 581 contubernium
1064 571 1080 596 ,
1120 519 1280 606 quid
1319 519 1682 583 moliantur
1719 519 2028 583 homines

514 609 547 673 a
605 609 824 674 fabrili
893 627 1072 689 arte,
1142 612 1220 674 ab
1289 614 1488 675 armis
1555 612 1942 692 fabrilibus,
1994 611 2030 678 a

515 705 791 767 materia
843 721 979 767 tam
1034 706 1379 793 imparati:
1444 706 1616 794 apud
1666 707 1893 770 focum
1948 707 2029 770 de

516 815 651 860 tam
690 821 868 860 nouo
905 797 1205 862 instituto
1267 799 1475 862 multa
1527 800 1722 862 verba
1771 798 2026 878 facere,

513 890 856 954 subitarios
940 892 1360 979 Argonautas
1427 893 1714 956 dicteriis
1777 893 2022 981 figere:

511 984 618 1047 sed
658 984 860 1047 nostri
897 986 975 1047 ab
1006 1009 1204 1073 opere
1233 987 1624 1073 neutiquam
1654 986 2025 1064 discedere,

517 1101 659 1142 rem
709 1102 958 1166 vrgere.
1062 1079 1303 1143 Medio
1360 1079 1653 1157 MartiO,
1708 1079 2029 1168 stupenti-

512 1171 629 1235 bus
689 1172 810 1235 suis
868 1171 1275 1251 irrisoribus,
1348 1172 1551 1236 nostri
1619 1173 1888 1236 lintrem
1958 1174 2027 1236 in

511 1288 751 1353 aquam
822 1266 1200 1344 deducunt,
1270 1265 1630 1329 fluminum
1698 1289 1772 1329 ac
1834 1267 2029 1330 maris

515 1358 708 1446 ipfius
768 1359 1168 1447 patientem,
1223 1383 1345 1423 nec
1404 1376 1710 1423 verentur
1777 1358 2026 1423 adoles-

514 1468 703 1515 cente
739 1451 995 1514 famulo
1032 1468 1228 1540 atque
1280 1453 1408 1516 alio
1445 1453 2026 1516 contubernalium

514 1545 914 1622 comitibuS‚
1008 1546 1276 1609 aduerso
1369 1545 1690 1624 flumine,
1792 1547 2025 1609 Sinum

516 1639 916 1702 Francicum
955 1638 1313 1717 influente,
1351 1640 1417 1703 in
1480 1640 1666 1702 filuas
1701 1640 1781 1702 ad
1836 1639 2027 1727 glan-

516 1732 668 1796 dem
708 1731 1299 1821 Chiquebiamque
1334 1734 1627 1796 radicem
1676 1732 2028 1820 legendam

515 1827 935 1890 contendere.
1073 1824 1378 1915 Chz‘quebi
1446 1827 1632 1890 radix
1699 1825 1790 1889 est
1857 1825 2032 1890 illius

514 1942 638 1983 orae
722 1920 1084 2007 praecipua,
1153 1920 1383 1983 nostris
1451 1919 1788 1983 tuberibus
1855 1918 2033 1989 haud

516 2013 867 2090 abfimilis,
928 2011 1035 2076 sed
1095 2013 1499 2077 vescentibus
1554 2013 1906 2077 iucundior
1957 2036 2032 2076 ac

513 2106 777 2184 vtilior,
847 2107 1030 2169 cuius
1092 2107 1497 2194 multiplices
1557 2106 1788 2182 bulbi,
1849 2106 2034 2169 tenui

513 2199 626 2263 filo
664 2200 986 2277 catenati,
1026 2198 1141 2263 sub
1170 2199 1428 2263 summa
1458 2216 1627 2263 terra
1662 2199 2029 2262 nascuntur.

514 2294 638 2356 Sed
699 2294 924 2355 omnia
993 2295 1127 2357 eius
1199 2295 1432 2358 radicis
1501 2293 1743 2356 cubilia
1811 2293 1944 2355 iam
1999 2289 2035 2355 a

513 2387 738 2474 peritis
790 2387 1094 2450 locorum
1153 2387 1450 2450 Barbaris
1506 2387 1791 2449 delibata
1829 2385 2032 2449 nostri

512 2480 720 2567 leguli
777 2478 1407 2567 deprehendebant‚
1462 2497 1528 2543 vt
1583 2479 1792 2543 multa
1842 2479 2033 2542 inda-

515 2574 713 2659 gine,
775 2573 1058 2660 quilibet
1119 2597 1352 2637 eorum
1423 2574 1556 2636 eius
1626 2573 1760 2635 cibi
1827 2595 2031 2635 vnum

513 2666 800 2729 diarium
870 2667 978 2729 vix
1062 2667 1178 2730 fibi
1249 2683 1586 2754 quaereret.
1721 2665 1829 2730 Ab
1910 2664 2037 2728 hac

1654 2758 2033 2846 glandaria,
