2174 3523
557 181 661 252 4o

559 339 886 415 tantibUS‚
925 339 1060 402 eius
1119 339 1532 427 explorandae
1587 339 1829 428 cupido
1883 338 2071 403 nobis

559 431 848 508 inceffit3
887 454 1015 518 qua
1052 432 1426 520 explorata,
1464 431 1887 520 impensoque
1922 457 2072 522 pro·

557 525 706 587 bata
742 524 820 587 ab
859 525 1208 602 omnibuS,
1262 525 1462 588 totius
1497 525 1943 590 multitudinis
1995 525 2071 589 eo

556 618 860 681 incubuit
896 619 1193 696 animus,
1246 634 1313 680 vt
1348 633 1726 706 opportuno
1779 620 1847 682 in
1901 620 2073 683 colle

554 734 699 774 area
792 711 1142 774 excitando
1232 710 1512 774 aedificio
1604 706 2067 800 defignaretur.

556 804 743 867 Loco
780 804 1000 891 itaque
1037 804 1490 892 inaugurando
1532 804 1717 867 Crux
1754 806 2068 893 erigitur,

553 896 764 960 solum
848 898 1255 961 exstruendis
1337 896 1578 960 aedibus
1645 897 2070 978 describitur,

553 991 868 1054 iaciendis
949 989 1395 1054 fundamentis
1477 1005 1647 1052 terra
1720 990 2070 1070 effoditur,

556 1085 794 1147 eodem
856 1085 1174 1161 nomine,
1231 1107 1363 1171 quo
1417 1082 1738 1147 subiectus
1804 1100 2070 1172 portus,

556 1176 816 1240 nascens
852 1178 1155 1241 tenuibus
1192 1177 1474 1240 exordiis
1523 1177 1756 1240 domus
1807 1179 2073 1242 Sanctus

555 1271 850 1334 Saluator
918 1271 1301 1359 appellatur.
1433 1261 1713 1332 Sau'ffeio
1782 1263 2073 1335 cohortis

559 1365 739 1427 Duci
777 1364 1026 1427 rusticae
1063 1364 1156 1426 rei
1185 1380 1322 1426 tam
1360 1364 1521 1426 acris
1549 1386 1702 1426 cura
1737 1364 2069 1452 principio

554 1456 872 1521 insederat
898 1509 915 1535 ,
953 1473 1020 1520 vt
1056 1457 1123 1520 id
1161 1479 1366 1519 vnum
1426 1456 1748 1543 cogitaret
1771 1509 1787 1534 ,
1841 1473 2070 1520 caetera

554 1551 923 1638 negligeret
961 1550 1188 1612 omnia
1216 1602 1232 1627 ‚
1271 1572 1483 1636 exque
1520 1550 1734 1612 nimio
1781 1551 2068 1638 agricul-

554 1660 712 1707 turae
750 1643 961 1707 studio
989 1696 1005 1721 ,
1045 1666 1360 1731 magnam
1396 1640 1663 1704 familiae
1697 1659 1953 1730 partem
1990 1644 2068 1706 ab

555 1761 753 1825 opere
842 1735 1062 1799 fabrili
1152 1736 1231 1799 ad
1316 1734 1633 1799 rusticum
1715 1734 2066 1801 seuocaret.

559 1832 871 1894 Mottaeus
924 1828 1211 1893 Sauffe‘io
1281 1830 1570 1916 Legatus
1605 1880 1622 1906 ,
1694 1828 2072 1893 Ronseraeus

556 1922 880 2011 Signifer,
921 1923 1266 1987 Ioubertus
1303 1923 1617 1985 ordinum
1671 1921 2068 2000 Instructor‚

495 2027 499 2031 '
555 2019 899 2104 caeterique
935 2017 1015 2079 de
1055 2015 1354 2079 Cohorte
1412 2016 1733 2103 primores
1771 2031 1951 2078 erant
2002 2016 2069 2078 in

556 2134 628 2173 ea
686 2110 1048 2188 sententia,
1119 2110 1432 2172 omnibus
1485 2108 1750 2194 reliquis
1805 2107 2069 2196 postha-

555 2204 706 2267 bitis
731 2204 901 2267 curis
925 2255 941 2280 ‚
970 2203 1431 2267 aedificandum
1456 2200 1577 2264 effe
1600 2201 2024 2264 domicilium
2049 2254 2066 2279 ,

556 2294 764 2384 eoque
859 2295 1289 2359 conferendas
1386 2292 1689 2357 vniuersae
1774 2292 2069 2358 cohortis

556 2414 819 2479 operas,
899 2390 1116 2476 quoad
1181 2384 1535 2452 aduersum
1620 2385 1854 2449 hostile
1932 2387 2071 2449 vim

556 2484 1040 2547 munitionibus
1125 2484 1419 2546 cinctum
1454 2533 1471 2559 ,
1560 2478 1701 2543 tuto
1787 2478 2071 2543 habitari

554 2575 776 2665 poffet.
881 2576 1341 2645 Quamobrem
1371 2571 1708 2662 aegerrime
1732 2571 2027 2636 ferebant
2051 2625 2068 2651 ‚

556 2670 1136 2733 contubernalium
1172 2668 1512 2757 plerosque
1547 2667 1625 2730 ab
1687 2666 2069 2730 aedificando

1761 2759 2072 2823 abductos
