2174 3523
1516 171 1614 245 59

102 337 335 401 studio,
438 338 545 400 De
581 337 851 400 illorum
890 351 1112 399 autem
1150 334 1424 420 negotio
1460 329 1615 396 cum

101 431 169 493 in
209 430 493 517 Regiam
529 430 800 493 allatum
841 427 1029 505 esset,
1069 429 1202 490 iam
1251 427 1616 489 inaudierat

104 523 306 609 Regis
370 520 904 585 Christianiflimi
966 521 1217 607 legatus
1272 520 1615 606 captiuum

104 613 224 678 effe
308 615 654 702 nauigium
685 667 700 692 ,
787 617 850 678 &
937 615 1226 677 Francos
1311 611 1614 689 Iesuitas,

102 707 509 794 vrgebatque
545 708 852 770 omnium
878 758 894 783 ,
924 729 997 768 ac
1036 703 1328 767 maxime
1360 704 1616 767 nostro-

105 823 253 863 rum
292 800 667 863 libertatem
693 852 708 878 ,
765 797 940 886 quod
997 798 1132 860 eius
1168 798 1261 859 rei
1298 796 1618 860 habuerat

105 892 185 955 ab
222 892 331 956 suo
372 894 558 979 Rege
594 888 932 955 studiofius
960 891 1255 953 iniuncta
1292 890 1618 952 mandata.

107 984 305 1050 Nihil
375 986 595 1072 itaque
681 1008 880 1047 morae
947 981 1074 1046 fuit
1102 1035 1118 1059 ‚
1187 983 1347 1068 quin
1419 981 1621 1044 nostri

110 1076 560 1141 Pembrochio
657 1079 1006 1140 Douerum
1102 1073 1567 1138 arcesserentur
1602 1125 1619 1151 ,

107 1174 278 1234 vnde
302 1172 487 1234 breui
518 1171 791 1234 traiectu
823 1170 1027 1232 Itium
1060 1168 1337 1231 Portum
1363 1219 1379 1244 ,
1412 1168 1620 1229 Fran-

108 1264 260 1326 cicae
328 1287 454 1326 orae
521 1262 843 1351 oppidum
868 1315 884 1339 ,
941 1261 1312 1324 incolumes
1367 1260 1627 1346 laetique

110 1356 436 1444 deportati
495 1355 680 1432 sunt,
738 1355 1004 1418 decimo
1053 1353 1173 1416 suae
1229 1352 1626 1440 captiuitatis

108 1472 289 1536 paene
323 1447 557 1512 affecto
596 1448 856 1526 mense,
894 1470 1026 1535 quo
1064 1447 1214 1510 loco
1255 1445 1626 1532 Darquieni

115 1540 419 1629 Dynastae
454 1594 470 1618 ,
535 1542 752 1629 Regio
812 1540 1101 1629 praefidio
1163 1538 1457 1602 Praefecti
1483 1590 1500 1615 ,
1563 1540 1627 1601 &

112 1635 353 1697 Baulaei
381 1635 639 1697 Decani
665 1634 912 1697 eximia
937 1633 1352 1696 humanitate
1374 1684 1391 1709 ,
1421 1631 1625 1693 bene-

111 1726 507 1814 ficentiaque
530 1724 876 1790 lautiffime
900 1726 1155 1813 accepti
1178 1724 1320 1788 sunt
1344 1777 1359 1799 ,
1385 1724 1628 1787 idoneo

114 1835 421 1906 praeterea
458 1821 684 1883 donati
720 1820 960 1882 viatico
985 1871 1002 1896 ,
1041 1819 1222 1906 quod
1258 1817 1629 1880 Ambianos

113 1913 235 1975 iter
295 1913 789 1976 intendentibus
855 1913 922 1975 in
992 1911 1179 1975 suum
1240 1910 1627 1997 Collegium

115 2005 374 2068 abunde
412 2003 583 2069 esset.

209 2097 237 2160 I
263 2119 312 2161 A
337 2120 396 2161 M
436 2097 1020 2162 Nouo-Francicae
1051 2096 1381 2160 Miffionis
1418 2118 1630 2182 operae

21 2263 30 2276 ι
114 2207 440 2278 quantum
477 2192 939 2279 promouerint
999 2214 1139 2254 rem
1181 2188 1631 2253 Christianam

113 2284 283 2346 inter
321 2284 684 2361 BarbarOS,
723 2308 856 2346 non
895 2283 1089 2347 facile
1141 2282 1479 2370 dispiciet,
1516 2280 1632 2368 qui

117 2399 258 2439 rem
297 2376 477 2463 vulgi
514 2378 759 2440 trutina
796 2378 1148 2440 metietur:
1189 2376 1304 2464 qui
1333 2372 1484 2438 vero
1517 2397 1631 2437 ne-

117 2470 379 2557 gotium
411 2485 639 2533 natura
674 2469 778 2532 sua
815 2470 1253 2557 perarduum,
1290 2469 1630 2531 interuen-

114 2563 399 2625 ientibus
436 2563 637 2625 etiam
675 2563 941 2626 aliunde
978 2562 1221 2626 cafibus
1257 2559 1442 2624 valde
1498 2561 1630 2623 im-

115 2656 415 2743 peditum
436 2708 452 2733 ‚
477 2657 673 2743 aequis
698 2649 1058 2719 momentis
1082 2655 1258 2719 volet
1281 2653 1600 2717 aestimare
1618 2704 1634 2729 ,

1345 2768 1640 2810 maxime
